2382 3361
277 316 321 348 12
933 321 966 345 H.
995 322 1028 345 D.
1057 321 1082 345 J.
1112 321 1434 354 WALLENGREN,

324 396 384 432 sed
426 396 591 431 cellulam
633 395 836 430 anticarum
876 392 949 428 fere
989 399 1105 428 totam
1145 394 1303 435 velante;
1344 393 1470 428 anticis
1511 393 1611 440 apice
1649 392 1791 427 macula
1824 404 1954 438 magna
1988 391 2165 438 triangu-‘

323 455 388 489 lari
416 455 526 500 nigra,
555 453 661 487 maris
690 452 837 487 maculis
868 453 886 486 6
916 451 1093 497 elongatis
1122 450 1240 494 fulvis,
1267 452 1464 486 introrsum
1484 452 1671 494 truncatis,
1699 457 1909 486 extrorsum
1930 449 2145 492 rotundatis,

321 512 460 555 senuna?
500 511 649 545 maculis
690 512 711 544 4
753 509 871 551 fulvis,
913 510 1069 547 minutis.
1110 510 1467 556 subtriangularibus
1508 510 1658 552 notatis;
1698 509 1845 557 posticis
1882 508 1979 555 apud
2014 520 2146 542 marem

322 570 483 616 margine
523 568 703 603 exteriore
745 568 894 602 maculis
934 568 1046 613 nigris
1086 567 1351 602 confluentibus
1390 567 1572 614 fasciaque
1614 574 1822 603 transversa
1849 567 1953 611 nigra
1980 566 2055 600 lata.
2083 578 2146 612 per

321 627 471 668 discum,
511 627 635 661 stri-am
672 639 797 660 versus
831 625 1053 672 nigredinem
1090 625 1215 659 baseos
1248 626 1421 671 marginis
1455 627 1582 661 anticis
1611 627 1813 666 emittente;
1854 624 1950 671 apud
1969 623 2145 670 feminam

321 686 482 732 margine
523 691 674 719 externo
708 684 879 718 latissime
914 684 1026 730 nigro,
1069 683 1218 717 maculis
1247 682 1336 716 albis
1364 683 1580 718 indistinctis
1607 685 1817 723 intersecto;
1858 682 2025 716 omnibus
2054 680 2146 715 infra

321 743 418 790 apud
459 755 590 777 marem
632 749 672 776 ut
710 742 743 775 in
787 741 1022 788 praecedente,
1062 741 1159 788 apud
1178 740 1354 787 feminam
1380 741 1531 783 flavidis,
1560 741 1668 776 fascia
1696 747 1903 775 transversa
1930 739 2143 774 distinetiori

320 801 502 835 communi
533 800 706 845 exituque
735 806 918 834 costarum
947 800 1060 845 nigro.
1090 803 1123 835 ολ
1149 801 1180 838 ῼ.
1210 797 1321 845 Long.
1350 799 1393 833 al.
1422 812 1500 845 exp.
1530 800 1677 834 46—50
1707 799 1843 833 millim.

416 866 509 893 Pieris
533 866 652 901 omphale
676 866 749 892 Gon.
795 865 905 901 Encycl.
930 865 978 891 IX.
1005 865 1070 891 122.
1097 864 1142 891 12.

416 907 595 934 Antlzocliaris
617 907 738 942 omphale
760 906 862 933 BOISD.
908 906 952 943 Sp.
977 906 1045 932 Gen.
1070 905 1090 932 I.
1116 905 1183 932 574.
1209 905 1254 932 ⁵22.
1300 905 1368 941 Yoy.
1393 905 1426 932 de
1450 905 1526 932 l'Afr.
1550 906 1644 933 Austr.
1668 905 1705 932 II.
1730 905 1798 932 587.
1823 905 1869 931 26.

352 972 442 1008 Hab.
471 974 505 1007 in
535 971 718 1007 Caffraria.
775 971 1002 1006 WAHLBERG.
1057 971 1097 1006 In
1126 971 1238 1006 Terra
1267 971 1536 1007 Amazulorum-
1591 971 1852 1006 DELEGORGUE.

423 1055 504 1091 Var.
533 1059 555 1093 ῼ
587 1055 651 1090 alis
681 1068 792 1102 supra
819 1055 1038 1102 sulphureis;
1066 1053 1109 1088 de
1138 1060 1256 1089 cetero
1285 1059 1325 1088 ut
1353 1054 1387 1088 in
1415 1054 1544 1101 priore.

350 1139 497 1174 Femina
531 1145 706 1185 punctum
741 1138 936 1172 centralem
970 1137 1115 1184 nigrum
1143 1137 1178 1171 in
1207 1149 1350 1183 quaque
1378 1137 1433 1171 ala
1460 1138 1555 1184 gerit
1582 1143 1618 1172 et
1644 1137 1795 1183 nigredo
1823 1135 1995 1184 marginis
2022 1135 2142 1169 interi-

216 1199 288 1233 oris
316 1198 457 1233 alarum
485 1197 686 1232 anticarum
715 1196 865 1241 strigam
893 1195 926 1229 in
955 1195 1178 1242 nigredinem
1207 1195 1317 1241 apicis
1345 1195 1486 1230 emittit.

216 1299 247 1332 3.
288 1297 331 1332 A.
360 1297 502 1332 &veninat
536 1309 567 1331 n.
596 1309 645 1343 sp.
680 1296 744 1330 alis
777 1294 992 1337 rotundatis,
1034 1295 1201 1329 omnibus
1234 1306 1343 1340 supra
1377 1294 1484 1337 albis;
1525 1295 1653 1330 anticis
1681 1307 1701 1328 a
1728 1293 1802 1328 basi
1835 1306 1944 1340 supra
1972 1293 2138 1327 cellulam

315 1356 388 1390 late
415 1355 536 1402 nigris,
565 1354 627 1389 sed
654 1354 784 1389 atomis
808 1353 926 1387 densis
954 1351 1217 1399 albido-griseis
1246 1352 1432 1398 adspersis,
1460 1353 1621 1399 margine
1649 1352 1829 1386 exteriore
1856 1352 1970 1398 nigro,
1997 1351 2140 1385 macula

315 1426 446 1459 magna
479 1413 588 1460 apicis
622 1411 954 1453 aurantiaco-flava,
992 1416 1200 1444 extrorsum
1234 1409 1383 1444 dentata
1410 1416 1447 1445 et
1473 1411 1586 1457 striga
1613 1416 1821 1445 transversa
1848 1409 1952 1456 nigra
1979 1422 2041 1456 per
2070 1421 2140 1443 me-

315 1471 416 1505 dium
457 1470 621 1512 dissecta,
661 1470 876 1515 maculaque
910 1468 1013 1514 nigra
1044 1468 1079 1501 in
1109 1468 1271 1514 margine
1298 1468 1457 1511 interno;
1497 1468 1642 1514 posticis
1670 1467 1832 1514 margine
1860 1468 2039 1502 exteriore
2066 1467 2139 1501 late

315 1529 418 1575 nigro
455 1529 670 1574 maculaque
704 1527 865 1573 ejusdem
894 1526 1023 1561 coloris
1051 1526 1085 1560 in
1114 1526 1275 1572 margine
1304 1526 1440 1568 antico3
1478 1525 1603 1560 anticis
1630 1524 1724 1560 infra
1752 1525 1861 1560 fascia
1889 1525 2016 1572 apic-ali
2043 1523 2139 1559 rufo—

316 1586 427 1629 fulva,
455 1587 601 1633 posticis
630 1586 742 1632 striga
769 1585 971 1631 interrupta
1000 1583 1159 1629 ejusdem
1189 1584 1329 1618 coloris.
1359 1587 1380 1620 S?
1419 1582 1531 1630 Long.
1560 1584 1602 1618 al.
1631 1595 1711 1630 exp.
1741 1584 1787 1617 43
1817 1583 1953 1617 millim.

348 1661 438 1696 Hab.
467 1661 501 1695 in
531 1659 714 1694 Caffraria.
772 1658 998 1693 WAHLBERG.
1051 1657 1238 1705 Specimen
1268 1658 1425 1692 unicum,

348 1752 446 1779 Desrr.
490 1751 617 1778 Anthoch.
651 1751 782 1785 tlzeogsonce
815 1750 916 1777 BOISD.
951 1749 1049 1781 affinis,
1084 1749 1131 1776 scd
1165 1749 1272 1776 diversa
1306 1752 1332 1775 et
1367 1748 1411 1775 vix
1445 1747 1504 1784 ejus
1538 1748 1662 1775 varietas.
1708 1748 1770 1775 Alae
1793 1757 1875 1784 snpra
1898 1747 1982 1780 albze:
2016 1747 2136 1784 spatium

213 1793 367 1820 anticarum
402 1796 492 1820 totum
527 1802 542 1819 a
576 1792 633 1819 basi
667 1802 749 1828 51111111
780 1792 908 1818 cellulam
937 1791 1056 1826 nigrum,
1090 1791 1191 1817 atomis
1220 1789 1343 1817 albido-l.
1367 1789 1548 1825 flavo-griseis
1572 1789 1655 1816 dense
1678 1789 1814 1821 obsitum3
1848 1789 1926 1816 limes
1950 1789 2031 1825 hujus
2054 1789 2137 1825 spatii

214 1835 333 1861 exterior
366 1837 407 1861 est
442 1834 519 1860 valde
553 1833 722 1869 irregularis:
756 1843 770 1860 a
794 1833 917 1868 margine
941 1833 1033 1859 antico
1057 1842 1142 1868 nsque
1166 1831 1199 1858 ad
1223 1831 1356 1867 angulum
1380 1831 1503 1858 anticum
1527 1831 1634 1858 cellulae
1658 1840 1751 1858 arcum
1775 1830 1928 1866 obliquum,
1953 1830 2026 1857 haud
2049 1830 2137 1856 (leter-

214 1876 359 1907 minatmn,
388 1875 487 1902 deinde
511 1875 545 1902 ad
568 1878 673 1902 eostam
697 1875 783 1901 4:tam
807 1884 900 1901 art-um
924 1874 1051 1905 alterum⁷
1086 1876 1128 1900 sat
1151 1873 1367 1899 ‹l‹›t‹›1·1ni11am1u
1390 1872 1500 1904 format,
1529 1873 1601 1899 inter
1623 1876 1713 1899 costas
1737 1872 1817 1899 2—4
1841 1875 1882 1898 est
1905 1875 2048 1898 truncatus
2071 1874 2098 1897 et
2121 1880 2135 1897 11

214 1920 289 1944 rosta
319 1917 382 1944 ada
410 1916 444 1944 ad
474 1917 627 1952 marginem
656 1916 797 1943 internum
821 1915 931 1952 oblique
955 1918 981 1942 et
1004 1915 1132 1942 nonnihil
1156 1914 1306 1941 undulatus
1330 1914 1423 1946 currit,
1458 1917 1487 1940 nt
1511 1914 1632 1950 spatium
1656 1913 1861 1949 longitudinem
1884 1923 1961 1940 suam
1985 1912 2134 1939 maximam

214 1968 295 1995 super
318 1962 447 1985 truncum
470 1967 646 1985 communem
670 1961 808 1984 costarum
833 1957 998 1987 inferiorem,
1022 1966 1072 1983 nec
1096 1956 1129 1982 ad
1151 1956 1289 1991 margines
1302 1955 1407 1982 alarum
1421 1955 1528 1982 habeat.
1564 1955 1640 1982 Inter
1652 1955 1805 1990 marginem
1819 1954 1977 1981 interiorem
1991 1957 2017 1981 et
2031 1957 2135 1980 costam

215 2000 306 2026 deam
330 2000 435 2026 alarum
459 2000 612 2026 anticarnm
637 1999 745 2026 mat-ula
768 2002 810 2025 sat.
834 2008 943 2034 magna⁷
973 1997 1210 2034 (piadrangularis,
1234 1997 1320 2032 nigra.
1345 2006 1406 2023 cum
1431 1996 1574 2032 nigredine
1598 1996 1694 2023 baseos
1717 2006 1772 2023 non
1795 1996 1943 2025 cohaerens.
1967 1995 2134 2022 observatur.

214 2041 313 2076 Margo
346 2041 454 2068 anticus
488 2041 648 2067 tenuissime
682 2040 730 2067 sed
764 2050 859 2075 margo
888 2040 1007 2066 exterior
1035 2039 1090 2066 late
1114 2039 1199 2074 niger,
1235 2043 1264 2065 ut
1294 2038 1403 2070 limbus,
1438 2038 1472 2065 ad
1495 2038 1600 2064 exitum
1624 2041 1708 2064 costae
1732 2037 1802 2064 ‘2:dze
1826 2037 1961 2068 desinens,
1994 2038 2134 2063 t'ormvtur.

214 2082 254 2109 De
289 2085 378 2109 cetero
413 2082 521 2109 macula
554 2082 797 2108 aurantiaco-tlava
825 2081 930 2117 apicem
955 2084 1045 2107 totum
1069 2083 1194 2116 occupat„
1227 2089 1287 2116 quae
1311 2079 1419 2106 macula
1442 2079 1528 2114 striga
1551 2083 1704 2106 transversa
1729 2082 1839 2106 arcuata
1863 2079 1950 2114 nigra,
1973 2088 1988 2105 a
2012 2078 2134 2113 margine

213 2123 304 2150 antico
345 2133 430 2159 usque
470 2123 503 2150 ad
538 2126 642 2150 costam
677 2123 774 2150 3ztiam
808 2132 866 2149 sese
900 2122 1011 2158 oblique
1045 2121 1225 2153 extendente,
1265 2124 1306 2147 est.
1340 2120 1471 2153 dissecta,
1511 2124 1541 2147 ut
1576 2120 1690 2147 macula*
1725 2121 1742 2147 5
1777 2120 1940 2156 inaequalcs.
1980 2123 2133 2146 extrorsum

213 2167 309 2196 acutae,
344 2165 493 2191 introrsum
527 2165 638 2201 oblique
673 2167 807 2191 truncatae
841 2168 868 2190 et
901 2164 1019 2191 invicem
1054 2163 1137 2189 costis
1164 2162 1250 2197 nigris
1273 2166 1415 2198 separatae⁷
1444 2172 1459 2189 a
1482 2162 1572 2188 colore
1596 2162 1701 2197 reliquo
1724 2161 1919 2198 sejungantm·;
1953 2161 1987 2188 ab
2010 2161 2134 2197 apicibus

212 2206 309 2233 harum
333 2206 503 2233 macularum
526 2206 636 2233 lineolae
658 2205 766 2232 fiavidae
789 2215 873 2242 prope
897 2208 987 2232 costas
1010 2205 1039 2231 in
1062 2205 1177 2231 limbum
1202 2206 1376 2230 emittuntur.
1422 2203 1482 2230 Alae
1505 2203 1620 2239 postieae
1643 2203 1722 2235 albae,
1751 2203 1785 2230 ad
1809 2203 1887 2230 basin
1910 2202 2010 2229 atomis
2033 2202 2134 2229 crebris

211 2247 426 2282 grisescentibus
460 2251 486 2274 et
520 2247 555 2274 ad
587 2247 740 2282 marginem
769 2247 891 2273 anticum
921 2246 1029 2273 macula
1052 2246 1138 2281 nigra,
1174 2245 1289 2272 mat-ultr
1313 2245 1445 2280 marginis
1468 2244 1606 2271 interioris
1629 2244 1782 2271 anticarum
1806 2244 1997 2281 respondente,
2021 2247 2132 2270 ornatae.

214 2289 312 2324 Margo
346 2297 439 2315 earum
474 2288 593 2315 exterior
621 2288 675 2315 late
705 2288 789 2323 niger.
834 2288 961 2324 Spatium
985 2287 1076 2314 basale
1100 2287 1222 2313 obsolete
1246 2286 1356 2321 nigrum
1379 2289 1406 2313 et
1430 2286 1520 2312 colore
1543 2286 1633 2321 griseo
1657 2286 1745 2312 multo
1769 2286 1857 2321 magis
1880 2285 2017 2316 indutum,
2042 2294 2132 2311 macu-

213 2330 290 2365 nigra
324 2329 404 2365 laque
439 2329 571 2365 marginis
605 2329 743 2356 interioris
777 2329 860 2355 etiam
884 2329 954 2355 infra
977 2329 1004 2355 in
1028 2328 1079 2355 alis
1102 2328 1201 2354 anticis
1224 2327 1392 2354 observatur.
1437 2327 1516 2363 Apex
1539 2327 1646 2354 alarum
1670 2327 1823 2354 anticarum
1847 2327 1917 2353 infra
1940 2327 2025 2353 flavus
2049 2326 2131 2352 fascia

212 2370 369 2402 ruso-fulva,
403 2370 437 2397 ad
471 2375 575 2397 costam
610 2371 695 2397 42tam
730 2370 861 2406 angulata
895 2373 921 2396 et
956 2370 989 2396 ad
1023 2373 1128 2396 costam
1158 2369 1254 2395 Sztiam
1278 2368 1429 2399 desinente,
1452 2372 1571 2395 notatur.
1618 2368 1678 2395 Alae
1700 2368 1814 2404 posticae
1837 2368 1906 2394 infra
1930 2367 2031 2404 pallide
2056 2367 2132 2394 flavae

212 2412 335 2448 margine
369 2412 504 2439 anteriore
536 2412 570 2438 ad
594 2412 671 2438 basin
694 2411 853 2438 saturatiori
876 2411 1031 2447 atomisque
1054 2410 1177 2441 cinereis,
1200 2420 1214 2436 a
1239 2410 1297 2437 basi
1321 2419 1408 2446 usque
1432 2409 1465 2436 ad
1489 2410 1595 2437 discum
1619 2413 1646 2436 et
1669 2409 1820 2436 secundum
1844 2409 1996 2444 marginem
2021 2409 2132 2435 interio-

212 2463 268 2480 rem
302 2462 463 2489 conspersae.
509 2453 604 2480 Fascia
638 2456 680 2480 sat
714 2453 847 2485 obsoleta,
881 2452 1038 2484 rufo-fulva,
1073 2451 1152 2478 valde
1186 2452 1318 2487 angulata
1352 2454 1379 2478 et
1411 2451 1482 2478 inter
1515 2454 1604 2478 costas
1628 2451 1708 2478 4—5
1732 2450 1894 2487 interrupta,
1929 2452 1959 2477 ut
1982 2450 2010 2477 in
2033 2460 2132 2485 conge-

213 2494 330 2521 ncribus.
376 2494 482 2521 Puncto
505 2494 650 2521 discoidali
673 2495 751 2530 nigro
775 2494 833 2521 hat-r
857 2494 960 2531 species
984 2493 1112 2529 utrinque
1136 2496 1216 2520 cart-t.

212 2588 243 2620 4.
285 2586 328 2620 A.
352 2598 482 2632 procae
514 2598 546 2620 n.
581 2599 630 2632 sp.
671 2586 735 2620 alis
769 2586 897 2620 anticis
931 2585 1226 2626 subacuminatis,
1266 2584 1432 2619 omnibus
1466 2596 1576 2630 supra
1608 2584 1698 2618 albis
1732 2582 1841 2618 fascia
1874 2583 2130 2630 longitudinali

311 2642 419 2686 fusca,
448 2644 646 2690 marginem
674 2644 856 2678 internum
883 2644 1024 2678 alarum
1044 2644 1242 2677 anticarum
1264 2642 1536 2688 marginemque
1555 2642 1715 2676 anticum
1734 2642 1955 2687 postiearum
1977 2647 2127 2687 tegente,

311 2701 372 2736 sed
400 2701 567 2736 cellulam
586 2701 726 2736 alarum
746 2701 948 2736 anticarum
968 2713 1039 2735 non
1059 2701 1273 2747 attingente;
1300 2700 1500 2734 anticarum
1521 2698 1681 2745 margine
1701 2699 1819 2733 antico
1838 2699 2046 2734 tenuissime
2065 2697 2126 2733 sed

310 2759 471 2805 margine
499 2759 678 2793 exteriore
706 2759 813 2794 latius
841 2759 958 2802 fuscis,
986 2758 1168 2804 fasciaque
1196 2763 1345 2792 arcuata
1371 2770 1389 2792 e
1414 2757 1565 2791 maculis
1593 2756 1829 2801 inaequalibus
1859 2758 1878 2791 8
1906 2756 2015 2791 fulvis
2035 2757 2127 2790 inter

312 2816 513 2863 marginem
552 2817 767 2851 exteriorem
808 2823 844 2851 et
872 2816 1032 2852 *fasciam
1072 2816 1159 2850 disci
1194 2815 1441 2850 abbreviatam
1474 2813 1627 2857 fuscam;
1668 2815 1813 2860 posticis
1840 2826 1950 2861 supra
1976 2813 2126 2847 maculis

309 2873 569 2921 marginalibus
596 2873 778 2920 fasciaque
805 2874 909 2910 valde
937 2874 1108 2921 angulata
1134 2873 1253 2915 fuscis,
1280 2871 1375 2907 infra
1401 2872 1544 2907 macula
1571 2872 1722 2907 centrali
1740 2871 1849 2915 fulva,
1868 2877 2002 2918 puncto
2022 2871 2125 2917 nigro
