2382 3361
286 306 330 339 22
937 309 971 331 11.
1005 309 1039 331 n.
1073 308 1099 332 J.
1134 306 1454 337 WALLENGREN,

335 387 466 429 1ni11ea;
506 384 635 420 subtus
670 382 837 418 omnibus
870 380 947 415 basi
974 379 1327 425 rubro-ferrugineis,
1361 378 1496 414 striolis
1523 377 1784 424 marginalibus
1811 376 1920 413 fuscis
1947 378 2155 425 albidisque‚

334 445 428 479 inter
456 442 617 478 maculas
644 439 902 487 sagittiformes
930 437 1132 472 antio-arum
1159 436 1326 480 fulvidas,
1353 437 1575 484 postiearum
1603 435 1848 478 flavescentes,
1874 436 2009 483 positis.

430 509 531 536 Aeraea
553 508 647 535 cabira
669 506 820 533 Horrrmz.
834 546 851 572 7
865 503 1035 531 Monatsber.
1070 503 1095 529 d.
1124 503 1237 539 Konigl.
1267 503 1374 530 Preuss.
1398 501 1482 529 Acad.
1507 501 1554 528 der
1576 500 1743 528 Wissenseh.
1766 510 1800 528 zu
1822 501 1924 528 Berlin.
1950 501 2037 529 1855.
2082 501 2156 539 Sept.

557 548 620 576 Oct.
643 558 668 584 p.
694 547 760 574 (340.
784 556 809 573 n.
855 566 861 572 .

368 625 460 660 Hab.
487 624 522 658 in
552 621 737 658 Caffraria.
792 621 1019 656 VVAHLBERG.

432 707 496 735 Obs.
540 704 650 742 Species
673 704 706 731 A.
730 704 858 731 eamnenti
880 703 991 730 DOUBL.
1015 700 1221 738 quodammodo
1244 701 1350 728 similis.
1385 700 1497 728 Macula
1519 700 1670 728 straminea
1690 701 1796 728 alarum
1812 700 1966 727 anticarum
1990 698 2157 730 discoidalis,

558 747 631 773 inter
664 745 794 772 cellulam
828 748 855 771 et
887 743 1040 779 marginem
1064 742 1223 769 interiorem
1247 742 1346 779 posita,
1380 742 1491 769 dentem
1515 742 1647 778 gracilem
1670 746 1697 769 et
1720 745 1833 769 acutum
1855 751 1950 769 versus
1973 740 2051 768 basin
2073 750 2157 777 prope

559 787 687 815 cellulam
721 786 834 818 emittit,
868 789 895 812 et
924 785 1026 812 limbus
1054 784 1171 811 maeulae
1194 784 1313 811 exterior
1336 787 1377 810 est
1400 783 1434 810 ad
1458 787 1562 810 costam
1588 783 1679 810 2zdam
1703 783 1837 815 sinuatus,
1871 786 1902 810 ut
1924 782 2021 810 dentes
2044 781 2158 809 obtusos

561 829 578 856 2
612 829 720 855 formet.
765 827 809 854 Ad
843 827 996 862 marginem
1029 826 1169 852 internum
1198 825 1303 852 alarum
1327 828 1367 851 est
1391 824 1499 851 macula
1522 825 1570 851 illa
1593 828 1731 852 coarctata
1754 829 1781 852 et
1804 824 1839 852 ad
1862 824 1990 851 cellulam
2014 823 2157 850 latissima.

560 870 673 897 Macula
706 869 792 905 apicis
826 868 979 903 marginem
1012 867 1135 893 anticum
1158 876 1213 893 non
1236 866 1351 901 attingit
1374 869 1401 892 et
1424 866 1459 893 ad
1482 869 1586 893 costam
1610 866 1629 892 4
1651 865 1760 893 desinit.
1805 866 1912 893 Puncta
1934 865 2031 892 baseos
2053 865 2159 892 alarum

559 911 728 949 posticarum
751 913 816 937 sunt
839 919 921 946 supra
945 908 1119 935 obsoletiora.

238 1016 255 1026 ,-

242 1028 268 1048 1.
310 1013 352 1047 Α.
380 1009 543 1057 manjaca
570 1005 741 1052 (BOISD.):
771 1006 834 1042 alis
864 1018 975 1053 supra
1002 1004 1112 1039 fulvis
1139 1004 1300 1050 margine
1329 1004 1509 1039 exteriore
1536 1004 1651 1051 nigro,
1677 1002 1994 1045 fulvo-maculato;
2033 1002 2160 1038 antieis

337 1069 499 1116 margine
540 1066 658 1102 antico
700 1064 882 1111 fasciaque
922 1063 1127 1110 interrupta
1166 1063 1294 1110 nigris;
1334 1062 1481 1109 posticis
1520 1074 1630 1108 supra
1662 1061 1806 1096 macula
1833 1060 2019 1096 discoidali
2047 1061 2159 1107 nigra,

334 1126 428 1163 infra
464 1125 581 1167 luteis,
622 1136 731 1170 supra
769 1122 928 1157 medium
956 1121 1270 1168 nigro-punctatis,
1310 1120 1533 1166 maculisque
1564 1118 1834 1167 marginalibus,
1866 1118 2158 1166 triangularibus,

337 1182 678 1232 nigro-marginatis.
705 1186 747 1220 c?-

435 1252 535 1278 Aorsea
556 1250 690 1282 manjaca-
724 1247 826 1274 BOISD.
871 1246 919 1273 Fn.
944 1245 977 1272 de
1000 1245 1112 1281 Madag.
1136 1255 1161 1282 p.
1186 1244 1232 1272 34.
1256 1247 1275 1271 t.
1300 1244 1325 1271 5.
1350 1244 1393 1279 fig.
1419 1243 1444 1270 6.
1469 1243 1494 1270 7.
1518 1239 1559 1273 cf'.
1583 1246 1601 1270 t.
1625 1244 1652 1270 4.
1676 1243 1692 1270 f.
1718 1244 1742 1271 6.
1767 1239 1797 1274 ῼ.

372 1326 462 1362 Hab.
490 1326 525 1360 in
553 1323 737 1359 Caffraria.
791 1321 1018 1356 WAHLBERG.

437 1408 503 1436 Obs.
548 1407 577 1434 Si
600 1406 718 1433 varietas
742 1405 777 1432 sit
801 1404 859 1431 haec
883 1403 996 1440 species,
1020 1402 1113 1439 potius
1136 1401 1171 1429 ad
1193 1402 1227 1428 A.
1251 1402 1390 1437 eponinctm
1413 1398 1523 1438 (CRAM.
1548 1404 1566 1427 t.
1592 1401 1650 1428 268
1674 1402 1718 1437 fig.
1743 1401 1772 1428 C.
1796 1400 1854 1439 D),
1877 1410 1960 1436 quam
1983 1400 2018 1428 ad
2041 1401 2074 1427 A.
2093 1410 2162 1427 sere-

562 1458 632 1480 nam,
656 1450 686 1474 ut
709 1446 797 1473 voluit
821 1445 940 1473 GUERIN
964 1444 1108 1481 pertineat.
1154 1441 1252 1481 (Viden
1278 1443 1346 1479 Yoy.
1370 1452 1404 1469 eu
1427 1442 1575 1479 Abyssinie
1598 1452 1647 1479 par
1669 1442 1776 1470 Lefebr.
1799 1452 1824 1479 p.
1849 1442 1932 1480 373).

240 1552 270 1582 ὃ.
312 1548 355 1583 A.
382 1547 471 1594 lycia
499 1542 658 1589 (FABR.):
697 1544 761 1579 alis
789 1555 899 1590 supra
926 1541 1044 1583 fulvis⁷
1072 1541 1234 1588 margine
1262 1540 1376 1587 nigro,
1404 1539 1530 1574 antieis
1558 1539 1657 1586 apice
1683 1539 1755 1575 late
1783 1539 1886 1586 nigro
1914 1538 2023 1574 fascia
2050 1544 2163 1574 trans-

338 1618 450 1648 versa,
491 1604 626 1652 postiee
655 1603 867 1648 interrupta,
908 1613 954 1634 ex
981 1599 1131 1634 maculis
1160 1600 1179 1633 5
1208 1599 1306 1641 albis,
1347 1597 1519 1643 diseoque
1547 1598 1698 1633 maculis
1727 1599 1823 1632 3—4
1851 1597 1977 1644 nigris3
2017 1596 2162 1644 posticis

340 1676 450 1710 supra
489 1662 578 1697 serie
619 1666 839 1708 punctorum
880 1656 1068 1692 diseoidali
1102 1657 1319 1704 punctisque
1347 1669 1473 1691 versus
1501 1656 1602 1692 basin
1629 1656 1763 1703 sparsis
1791 1656 1911 1703 nigris,
1939 1654 2033 1690 infra.
2060 1654 2162 1690 flavis

340 1720 652 1768 nigro-punctatis‚
680 1718 852 1764 exituque
880 1722 1063 1751 costarum
1093 1715 1263 1761 utrinque
1291 1715 1405 1761 nigro.
1434 1719 1476 1751 εἶ’.

437 1787 549 1822 Papilio
572 1786 643 1821 lycia
666 1785 756 1811 FABR.
801 1783 873 1819 Syst.
897 1782 959 1809 Eut.
984 1790 1008 1817 p.
1032 1780 1101 1807 464.
1125 1778 1197 1817 (var
1219 1778 1304 1817 alba).

437 1829 537 1855 Actaea
559 1828 631 1863 lycia
654 1826 728 1853 Gon.
773 1823 884 1861 Encycl.
909 1822 996 1850 Meth.
1021 1822 1069 1849 IX.
1092 1831 1118 1858 p.
1143 1822 1210 1848 239.
1234 1820 1306 1857 (Var
1328 1819 1413 1860 alba).

439 1871 538 1897 Acraea
560 1869 683 1904 sycamini
705 1867 807 1894 Boisn.
852 1865 901 1892 Fn.
936 1864 968 1891 ‹le
1003 1863 1115 1899 Madag.
1150 1873 1175 1899 p.
1210 1863 1256 1890 34.
1287 1863 1341 1890 tab.
1367 1864 1392 1890 6.
1416 1864 1460 1899 fig.
1486 1863 1510 1890 6.
1536 1863 1561 1890 7.
1590 1860 1652 1901 (var
1675 1862 1772 1901 lutea).
1818 1862 1886 1899 Voy.
1911 1861 1943 1889 de
1967 1862 2043 1889 l'Asr.
2068 1863 2160 1889 Austr.

563 1919 588 1946 p.
612 1909 708 1944 Deleg.
732 1908 770 1934 II.
794 1907 861 1934 590.
887 1907 933 1933 50.
957 1902 1019 1943 (var
1041 1904 1139 1942 fulva).

439 1952 537 1979 Acrcea
560 1952 632 1987 lycia
655 1951 783 1977 GUERIN.
828 1948 896 1984 Yoy.
920 1957 953 1974 en
978 1946 1125 1983 Abyssinie
1148 1956 1197 1983 par
1220 1946 1325 1973 Lefebr.
1349 1956 1374 1983 p.
1399 1946 1466 1974 377.

376 2028 467 2063 Hab.
495 2027 530 2061 in
559 2024 742 2060 Caffraria.
797 2022 1023 2058 WAHLBERG.
1076 2021 1134 2056 Ad
1162 2020 1315 2056 Portum
1345 2020 1463 2056 Natal.
1518 2021 1776 2056 DELEGORGUE.

243 2137 273 2168 9.
316 2133 358 2168 A.
386 2131 493 2167 bellua
521 2144 552 2165 n.
580 2144 630 2177 sp.
666 2129 730 2164 alis
762 2141 871 2175 supra
898 2126 1007 2161 fulvis
1034 2126 1177 2174 punctis
1204 2125 1325 2172 nigris,
1366 2125 1441 2161 basi
1469 2126 1630 2160 omnium
1659 2126 1730 2161 late
1758 2125 1928 2173 apieeque
1956 2131 1992 2159 et
2021 2125 2161 2160 macula

342 2190 469 2225 eost-ali
498 2195 602 2224 extra
629 2187 795 2223 cellulam
825 2185 1024 2220 amicarum
1052 2185 1179 2230 nigris3
1207 2184 1369 2230 margine
1395 2184 1616 2230 posticarum
1645 2184 1765 2230 uigr03
1792 2183 1936 2231 posticis
1957 2183 2049 2217 infra
2068 2182 2162 2217 albe-

342 2248 532 2289 scentibus,
574 2245 617 2280 ad
646 2245 747 2279 basin
774 2243 894 2284 fulvis,
933 2243 1076 2290 punctis
1104 2241 1301 2287 majoribus
1329 2241 1449 2288 nigris,
1485 2242 1644 2288 margine
1672 2242 1851 2276 exteriore
1879 2241 1982 2287 nigro
2011 2240 2161 2274 maculis

345 2308 363 2340 7
393 2304 530 2346 albidis,
559 2309 594 2338 et
622 2308 705 2337 ante
732 2313 814 2336 eum
843 2300 932 2335 serie
961 2300 1227 2346 triangulorum
1256 2298 1366 2334 fulva.
1406 2303 1436 2339 ῼ.
1489 2299 1600 2346 Long.
1628 2300 1672 2335 al.
1700 2313 1779 2346 exp.
1809 2301 1853 2334 72
1882 2298 2018 2333 1111111111.

377 2378 467 2414 Hab.
495 2379 530 2413 in
559 2375 742 2412 Caffraria.
796 2374 1023 2409 WAHLBERG.

378 2461 475 2488 Descr.
519 2460 619 2487 Forma
652 2458 757 2485 alarum
791 2457 845 2484 fere
880 2460 910 2484 ut
943 2457 971 2484 in
1000 2456 1034 2483 A.
1057 2457 1168 2488 naharu,
1202 2455 1249 2482 sed
1273 2455 1376 2492 species
1400 2455 1488 2482 multo
1512 2455 1606 2492 major.
1652 2455 1712 2482 Alae
1735 2463 1830 2482 omncs
1853 2464 1933 2491 supra
1957 2455 2053 2486 suli-zm
2088 2455 2159 2482 basis

245 2512 335 2530 varum
372 2502 426 2529 late
460 2502 537 2537 nigra
571 2501 587 2527 l.
622 2499 798 2536 nigro-fusca,
833 2502 863 2525 ut
897 2498 981 2525 etiam
1008 2507 1077 2535 apex
1101 2501 1127 2524 et
1151 2497 1223 2524 linea
1246 2497 1323 2524 tenui
1346 2497 1479 2532 marginis
1502 2497 1645 2524 exterioris
1668 2496 1829 2524 anticarum.
1874 2496 1907 2522 111
1930 2496 1980 2523 alis
2004 2496 2103 2523 anticis
2126 2496 2159 2523 de

244 2548 334 2571 cetero
363 2543 464 2571 adsunt
492 2543 643 2579 signaturae
666 2541 752 2577 nigrae
775 2543 933 2576 sequentes:
967 2540 1039 2567 inter
1061 2542 1151 2566 costas
1177 2539 1255 2565 1—4
1278 2541 1381 2575 puncta
1405 2539 1421 2565 6
1446 2538 1474 2565 in
1497 2538 1618 2565 seriebus
1641 2537 1747 2565 duabus
1770 2537 1831 2569 sita,
1865 2537 1951 2565 altera
1974 2548 2067 2565 versus
2090 2547 2159 2565 mar-

244 2586 336 2622 ginem
371 2585 543 2616 exteriorem,
577 2583 662 2610 ultera
696 2592 790 2609 versus
824 2581 964 2613 cellulam3
998 2584 1076 2608 extra
1109 2580 1236 2607 cellulam
1272 2579 1379 2607 macula
1409 2589 1509 2616 magna
1532 2589 1547 2606 a
1571 2579 1693 2615 margine
1722 2579 1814 2606 antico
1837 2578 1871 2605 ad
1894 2582 1999 2606 eostam
2023 2582 2157 2616 quartam⁷

246 2627 398 2662 marginem
421 2626 511 2662 ipsum
534 2624 608 2652 haud
631 2624 785 2659 attinge1133
819 2623 847 2650 in
870 2627 946 2649 costa
969 2626 1124 2649 transversa
1147 2621 1254 2648 cellula:
1276 2621 1385 2648 macula
1408 2621 1498 2648 minor
1521 2624 1548 2648 et
1570 2621 1599 2647 in
1621 2620 1709 2647 limite
1732 2620 1792 2656 ipso
1816 2620 1913 2647 coloris
1936 2621 2032 2648 baseos
2055 2624 2157 2657 puncta

247 2670 271 2696 2.
317 2668 349 2695 Iu
372 2667 422 2694 alis
444 2667 558 2704 posticis
581 2666 679 2693 adsunt
705 2668 807 2701 puncta
830 2674 923 2701 sparsa
946 2668 988 2691 sat
1011 2664 1127 2695 minuta,
1156 2663 1295 2689 fulvedine
1318 2662 1372 2689 fere
1396 2662 1519 2694 obtecta3
1553 2671 1648 2698 margo
1672 2662 1790 2688 exterior
1812 2661 1867 2689 late
1890 2662 1976 2698 niger,
1999 2661 2158 2689 immacula-

245 2717 296 2737 tus
352 2709 435 2736 Color
472 2708 581 2745 paginae
620 2706 756 2734 inferioris
795 2705 901 2732 alarum
939 2705 1093 2732 auticarum
1127 2704 1263 2741 pallidior,
1296 2703 1356 2731 basi
1389 2707 1416 2730 et
1449 2703 1526 2740 apice
1560 2706 1590 2730 ut
1623 2712 1748 2739 superne.
1802 2703 1902 2739 Margo
1936 2704 2055 2731 exterior
2088 2703 2157 2730 anti-

245 2760 338 2778 earum
361 2754 443 2777 tenue
465 2749 557 2785 niger;
581 2751 681 2785 puncta
705 2751 732 2774 et
755 2747 862 2774 macula
885 2746 996 2773 costulis
1020 2750 1050 2773 ut
1072 2746 1101 2772 111
1123 2746 1224 2782 pagina
1247 2745 1400 2781 superiore;
1423 2745 1513 2772 exitus
1536 2747 1674 2771 costarum
1698 2747 1729 2771 ut
1751 2744 1779 2771 iu
1802 2745 1903 2781 pagina
1921 2745 2059 2782 superiore
2071 2744 2156 2778 niger.

246 2792 305 2819 Alae
329 2791 443 2828 posticae
465 2790 644 2819 albescentes,
673 2789 706 2816 ad
729 2788 808 2815 basin
830 2788 927 2820 fulvam
962 2797 1057 2823 margo
1080 2787 1199 2814 exterior
1221 2787 1300 2822 niger
1321 2786 1389 2813 serie
1413 2785 1582 2813 macularum
1607 2786 1623 2812 7
1647 2785 1816 2817 albidarunn
1848 2790 1910 2813 ante
1933 2796 1996 2813 eum
2019 2786 2087 2812 serie
2110 2785 2157 2812 tri-

245 2833 410 2869 angulorum
437 2832 575 2859 fulvorum
598 2830 670 2857 inter
692 2832 795 2860 costas;
829 2833 905 2856 extra
928 2829 1055 2856 cellulam
1079 2828 1147 2855 serie
1170 2828 1304 2855 undulata
1327 2830 1493 2864 punctorum
1516 2827 1658 2863 nigrorum
1681 2830 1708 2854 et
1731 2831 1833 2864 punc-ta
1856 2828 1927 2854 intra
1950 2827 2026 2854 illam
2049 2836 2156 2863 sparsa;

246 2878 346 2910 puncta
370 2873 463 2901 omnia
485 2882 586 2908 magna
608 2875 635 2898 et
658 2872 744 2908 nigra.
788 2871 858 2898 Cilia
881 2871 964 2898 fusca.
1009 2870 1156 2897 Abdomen
1179 2869 1297 2905 nigrum,
1321 2868 1391 2895 infra
1413 2868 1523 2901 flavum,
1546 2877 1628 2905 supra
1650 2878 1743 2896 versus
1766 2878 1849 2896 anum
1871 2869 1926 2896 late
1949 2868 2061 2895 fulvum.
