2382 3361
281 294 325 328 10
950 296 984 319 n.
1012 297 1045 320 D.
1073 296 1099 319 J.
1127 294 1450 326 WALLENGREN,

228 375 272 410 ΙΙ.
315 373 438 411 Costa
467 373 566 408 8.·υα
595 371 760 406 alarum
789 369 1029 404 amicarum
1056 368 1098 402 in
1124 367 1359 414 marffz‘nem
1387 365 1589 407 anticum,
1623 371 1664 400 ut
1695 365 1822 407 7:⁷na,
1851 364 2050 407 excurrit,
2076 378 2149 400 nec

328 445 416 468 eum
456 431 560 466 9:72a
600 441 797 464 connexa.

229 543 260 575 5.
304 540 339 575 P.
368 538 497 586 eriphia
525 534 664 581 (Gon.):
705 536 769 571 alis
802 548 911 582 supra
944 534 1062 577 fuscis,
1104 534 1230 568 anticis
1259 532 1408 568 maculis
1436 532 1552 567 ovatis
1582 534 1601 566 5
1631 544 1742 579 prope
1770 530 1967 576 marginem
1997 530 2149 564 exterio-

327 610 412 639 rem,
453 595 562 630 fascia
602 595 812 629 abbreviata
849 592 1102 640 longitudinali
1135 593 1172 626 in
1206 591 1366 638 margine
1394 591 1470 637 ipso
1498 591 1616 625 antico
1645 604 1665 625 a
1693 589 1769 625 basi
1797 600 1911 634 usque
1938 587 1982 622 ad
2011 593 2148 622 costam

326 662 570 690 transversam
599 653 738 687 cellula).
766 658 802 686 ct
829 650 958 686 deinde
984 651 1019 684 in
1047 650 1187 685 (liscum
1216 650 1362 696 oblique
1391 654 1569 691 currente,
1597 647 1779 694 fasciaque
1808 647 1918 681 altera
1947 659 1965 680 a
1990 646 2149 692 margine

327 713 468 747 interno
496 723 607 758 prope
636 711 736 744 basin
765 722 879 756 usque
908 708 952 742 ad
980 716 1118 743 costam
1147 709 1167 742 3
1195 721 1232 742 se
1260 706 1478 741 extendente
1506 706 1663 748 flavidis3
1691 705 1837 753 posticis
1865 717 1973 750 supra
1999 703 2149 737 maculis

326 771 526 805 minoribus
558 768 747 814 fasciisque
781 767 924 802 duabus
955 766 1171 801 transversis
1199 765 1348 806 flavidis,
1382 763 1476 799 iufra
1502 763 1644 798 flavidis
1671 763 1789 798 fasciis
1816 763 1934 797 tribus
1961 761 2149 796 maculari-

326 830 404 872 bus,
431 827 730 869 fuscwbrunneis,
761 826 908 870 basique
938 836 1073 859 crocea.
1108 828 1151 861 εἶ’.

422 912 515 938 Plerz's
537 910 644 945 eriphia
667 908 740 935 GOD.
786 907 897 943 Encycl.
922 907 969 934 IX.
996 906 1061 933 157.
1087 905 1146 932 134
1199 904 1300 931 BOISD.
1345 904 1389 940 Sp.
1414 904 1482 930 Gen.
1506 903 1527 930 I.
1551 903 1620 930 513.

359 985 448 1020 Hab.
477 985 512 1019 in
541 983 724 1018 Caffraria.
778 981 1006 1016 VVAHLBERG.

421 1067 486 1094 Obs.
531 1066 677 1102 Specimen
708 1068 834 1092 nostruin
857 1074 873 1091 a
896 1066 963 1100 typo
986 1065 1096 1090 tantum
1119 1061 1210 1089 colore
1233 1061 1405 1088 macularum
1428 1060 1630 1097 fasc-iarumque
1654 1059 1754 1087 flavido
1777 1059 1792 1087 l.
1817 1058 2073 1096 alludo-sulphureo
2097 1069 2146 1086 uec

532 1107 595 1134 albo
618 1107 734 1134 aberrat.

224 1212 254 1245 6.
295 1209 334 1244 P.
361 1209 499 1244 sz’iuzczncz
527 1205 672 1253 (HPFR.)
712 1207 776 1241 alis
816 1218 925 1252 supra
965 1205 1053 1240 albis
1094 1204 1297 1239 anticarum
1335 1203 1434 1249 apice
1468 1208 1504 1237 et
1538 1202 1681 1249 punctis
1708 1201 1857 1236 minutis
1885 1200 2145 1246 marginalibus

323 1268 486 1302 omnium
520 1266 647 1313 nigris3
687 1265 814 1300 anticis
847 1262 940 1298 infra
974 1263 1073 1310 apice
1106 1261 1284 1296 flavedine
1318 1261 1446 1303 tinct03
1487 1260 1634 1307 posticis
1660 1258 1754 1294 infra
1781 1259 1923 1294 flavidis
1951 1258 2027 1293 basi
2056 1271 2147 1293 mar-

322 1325 415 1372 ginis
442 1324 632 1360 anterioris
661 1335 796 1365 crocea,
824 1321 968 1368 punctis
996 1320 1256 1367 marginalibus
1283 1319 1395 1365 nigris
1422 1318 1584 1364 serieque
1609 1324 1828 1364 punctorum
1847 1316 1954 1352 valde
1973 1316 2144 1351 obsoleta.

325 1387 355 1422 ῼ.
384 1383 496 1428 Long.
526 1382 568 1416 al.
597 1394 676 1428 exp.
706 1382 751 1415 60
780 1380 917 1414 millim.

420 1458 514 1484 Pieris
535 1458 640 1483 simam
662 1454 813 1482 HOPPFER.
857 1453 1028 1481 Monatsber.
1052 1452 1077 1479 d.
1101 1451 1213 1487 Konigl.
1238 1450 1323 1478 Acad.
1347 1450 1372 1477 d.
1396 1450 1477 1477 VViss.
1501 1459 1521 1476 z.
1545 1449 1648 1477 Berlin.
1674 1449 1761 1477 1855.
1785 1458 1810 1486 p.
1836 1449 1903 1476 640.
1927 1449 1953 1476 3.

356 1531 447 1567 Hab.
476 1532 512 1566 in
540 1530 723 1566 Caffraria.
778 1529 1006 1564 WAHLBERG.

355 1615 454 1642 Desor.
499 1614 599 1641 Forma
622 1613 728 1640 alarum
751 1613 806 1640 sere
830 1615 860 1639 ut
884 1612 911 1639 in
935 1620 1009 1638 mare
1033 1611 1067 1638 P.
1091 1611 1228 1641 brassica»,
1258 1618 1354 1645 margo
1377 1607 1497 1635 exterior
1519 1608 1673 1635 anticarum
1696 1610 1791 1635 tamen
1815 1607 1902 1643 magis
1926 1606 2040 1634 excisus.
2085 1607 2146 1634 Alze

223 1665 318 1684 omnes
351 1666 434 1693 supra
462 1658 489 1682 et
518 1655 569 1682 alae
598 1655 697 1682 anticae
731 1654 802 1681 infra
830 1653 907 1680 albae.
952 1653 1013 1679 Alae
1036 1652 1136 1679 anticae
1160 1660 1242 1688 supra
1264 1650 1293 1677 in
1316 1650 1392 1687 apice
1416 1652 1458 1677 sat
1481 1652 1563 1677 tenue
1587 1649 1687 1685 nigrae:
1721 1659 1817 1685 margo
1840 1649 1898 1686 ipse
1921 1658 2015 1676 earum
2039 1649 2146 1676 anticus

224 1697 386 1725 tenuissime
419 1697 505 1733 niger.
551 1696 594 1723 Ad
628 1696 734 1723 exitum
766 1698 904 1723 costarum
933 1694 1038 1721 alarum
1067 1693 1192 1720 omnium
1215 1694 1318 1729 puncta
1342 1692 1449 1718 minuta
1472 1691 1558 1727 nigra.
1603 1691 1665 1718 Alae
1689 1691 1788 1718 anticae
1811 1691 1881 1718 infra
1904 1690 1938 1717 ad
1962 1690 2067 1727 apicem
2091 1690 2146 1717 late

225 1743 252 1766 et
275 1739 309 1766 ad
332 1739 485 1775 marginem
509 1738 632 1765 anticum
655 1741 738 1764 tenue
762 1738 953 1767 flavescentes3
977 1735 1127 1771 signaturis
1150 1734 1263 1761 omnino
1287 1736 1388 1760 carent.
1433 1733 1495 1760 Alae
1518 1733 1632 1769 posticae
1656 1732 1734 1764 infra,
1758 1736 1789 1759 ut
1811 1733 1863 1760 alae
1885 1732 1984 1759 anticae
2007 1732 2036 1758 in
2059 1732 2144 1769 apice,

223 1781 406 1808 flavescentes.
452 1780 552 1815 Margo
575 1789 669 1806 earum
692 1779 800 1806 anticus
824 1778 858 1805 ad
881 1778 959 1805 basin
982 1786 1102 1804 croceus.
1146 1776 1246 1811 Margo
1270 1784 1364 1802 earum
1387 1774 1507 1801 exterior
1527 1774 1688 1801 tenuissime
1706 1774 1806 1806 flavus;
1830 1774 1864 1801 ad
1882 1774 1988 1800 exitum
2006 1778 2143 1801 costarum

222 1826 325 1859 puncta
348 1822 434 1858 nigra,
459 1821 566 1848 minuta
589 1821 710 1857 quidem,
733 1820 780 1847 sed
804 1819 986 1847 nihilominus
1009 1818 1119 1855 punctis
1143 1818 1252 1854 paginae
1275 1816 1424 1853 superioris
1447 1815 1560 1852 majora,
1584 1815 1772 1842 observantur.
1817 1816 1851 1842 In
1872 1815 1948 1842 disco
1965 1824 2058 1842 versus
2076 1824 2145 1842 mar-

223 1864 316 1899 ginem
350 1863 468 1890 eundem
503 1863 586 1889 series
620 1867 774 1889 transversa
808 1865 974 1898 punctorum
1008 1859 1321 1895 flavo-ferrugineorum,
1355 1857 1435 1884 valde
1469 1857 1602 1889 obsoleta,
1636 1857 1736 1884 atomis
1759 1857 1843 1884 fuscis
1865 1856 1930 1884 hinc
1953 1856 2016 1883 inde
2040 1859 2144 1888 notata,

224 1905 309 1932 adest.

225 2007 255 2039 7.
297 2005 335 2040 Ρ.
365 2005 460 2040 alba:
488 2005 552 2039 alis
580 2017 691 2051 supra
718 2004 817 2046 albis,
846 2003 972 2038 anticis
1000 2002 1035 2036 in
1060 2013 1202 2037 summo
1231 2000 1329 2046 apice
1356 1998 1554 2043 infuscatis,
1582 1999 1675 2034 infra
1703 1999 1738 2034 in
1765 1998 1865 2046 apice
1893 1999 1963 2033 late
1988 1997 2144 2035 flavidis:

323 2063 467 2110 posticis
494 2062 587 2097 infra
614 2062 764 2105 flavidis.
793 2061 953 2107 margine
981 2060 1098 2095 antico
1127 2059 1171 2094 ad
1200 2059 1300 2094 basin
1329 2058 1537 2093 tenuissime
1565 2070 1700 2093 croceo.
1728 2061 1762 2094 0⁷¹
1786 2060 1816 2094 9.
1857 2056 1968 2103 Long.
1996 2057 2038 2091 al.
2065 2069 2144 2103 exp.

326 2123 372 2156 50
400 2121 535 2156 millim.

356 2195 448 2231 Hab.
476 2195 511 2229 in
539 2193 724 2230 Caffraria.
779 2193 1006 2229 WAHLBERG.

357 2278 455 2305 Descr.
499 2276 671 2304 Praecedenti
705 2279 747 2303 sat
780 2276 878 2308 affinis,
913 2276 959 2303 sed
993 2275 1083 2302 multo
1118 2275 1207 2301 minor
1240 2277 1267 2301 et
1297 2282 1391 2308 margo
1415 2273 1534 2300 exterior
1556 2273 1661 2300 alarum
1685 2273 1839 2300 anticarum
1863 2271 1951 2307 magis
1974 2271 2089 2303 excisus,
2115 2275 2143 2299 ut

223 2328 292 2355 apex
315 2328 409 2346 earum
432 2319 545 2345 acutior,
590 2318 651 2344 Alae
674 2327 756 2354 supra
779 2317 861 2349 albae;
891 2327 961 2354 apex
983 2326 1107 2344 summus
1130 2316 1285 2343 anticaruin
1308 2314 1409 2341 atomis
1432 2314 1515 2341 fuscis
1538 2317 1580 2341 sat
1604 2314 1713 2347 crebris,
1742 2314 1770 2341 in
1793 2313 1895 2341 femina
1918 2317 2010 2340 tamen
2033 2317 2142 2340 tantum

223 2360 295 2387 linea
317 2360 464 2396 marginali
487 2359 610 2396 ejusdem
633 2359 732 2386 coloris
754 2361 874 2386 notatus.
920 2359 1025 2394 Pagina
1048 2357 1172 2394 superior
1195 2357 1299 2384 alarum
1323 2356 1472 2391 signam-is
1496 2356 1529 2383 de
1552 2359 1643 2382 cetero
1661 2355 1774 2383 omnino
1790 2358 1871 2382 caret.
1916 2355 1995 2391 Apex
2008 2359 2035 2381 et
2048 2364 2144 2391 margo

223 2401 330 2428 anticus
364 2401 469 2428 alarum
504 2401 658 2428 anticarum
692 2404 722 2427 ut
756 2400 783 2427 in
812 2400 984 2437 praecedente
1012 2400 1084 2427 infra
1112 2399 1296 2426 flavescentes.
1342 2397 1402 2424 Alae
1425 2397 1539 2434 posticae
1562 2397 1641 2429 infra,
1671 2401 1701 2424 ut
1724 2397 1752 2424 in
1774 2397 1864 2433 priore
1887 2397 2072 2426 flavescentes,
2095 2397 2143 2423 scd

224 2452 319 2478 margo
353 2452 446 2470 earum
478 2443 585 2470 anticus
617 2441 651 2469 ad
680 2441 758 2468 basin
787 2441 876 2476 magis
904 2445 986 2468 tenue
1015 2450 1133 2468 croceus.
1179 2440 1267 2467 Series
1290 2442 1456 2476 punctorum
1480 2448 1550 2475 pone
1574 2439 1690 2471 discum,
1713 2438 1765 2465 etsi
1788 2438 1876 2465 multo
1899 2438 1988 2474 magis
2011 2438 2143 2471 obsoleta,

224 2487 254 2511 ut
277 2484 305 2511 in
328 2484 426 2521 priore,
450 2484 589 2511 interdum
612 2483 780 2511 observatmn
825 2483 939 2510 Punctis
963 2482 1163 2519 marginalibus
1185 2481 1272 2518 nigris
1295 2481 1408 2508 omnino
1432 2484 1505 2508 caret
1528 2480 1587 2508 lnec
1610 2480 1721 2517 species.

946 2612 1268 2643 ANTHOPSYCHE.
1299 2623 1326 2642 n.
1356 2621 1418 2650 gen.

946 2704 1139 2746 (Antlzocliaris
1161 2706 1239 2734 Auel.
1268 2715 1301 2733 ex
1323 2702 1425 2744 parte.)

222 2801 393 2837 Antemzoe
431 2800 625 2842 breviores,
664 2799 701 2834 in
741 2800 880 2834 clavam
920 2799 1114 2846 oblongam
1147 2797 1278 2833 sensim
1312 2802 1550 2833 transeuntes.
1603 2795 1714 2832 Clava
1742 2797 1943 2844 speciminis
1970 2796 2139 2831 exsiccati

322 2859 521 2895 lateraliter
548 2870 762 2905 compressa,
790 2857 974 2893 interdum
1002 2861 1188 2892 excavata.
