2382 3361
1999 306 2017 338 Na*

790 313 1100 337 LEPIDOPTERA
1136 314 1475 338 RHOPALOCERA.
2023 306 2042 338 9

376 384 487 419 Papilio
507 385 596 419 pelias
619 383 713 410 CRAM.
758 384 826 411 Uitl.
850 384 919 420 Kap.
944 387 961 410 t.
986 384 1012 411 3.
1035 385 1079 420 fig.
1104 385 1132 411 C.
1156 385 1189 411 D.

376 425 539 461 Nymphalz's
557 425 648 461 pelias
671 425 744 452 GOD.
790 425 900 461 Encycl.
924 425 1012 451 Meth.
1037 425 1084 452 IX.
1110 426 1177 453 351.
1202 427 1226 453 2.

312 481 402 517 Hab.
431 483 466 517 in
494 481 676 517 Caffraria.
731 481 958 517 WAHLBERG.

376 547 441 574 0115.
486 547 631 584 Specimen
664 549 789 574 nostrum
823 557 838 574 a
871 548 914 583 fig.
960 548 1100 575 CRAMERI
1134 551 1161 575 et
1192 548 1376 585 descriptione
1406 549 1545 576 (1101111111
1570 552 1677 576 tantum
1701 549 1759 576 basi
1783 549 1889 576 alarum
1913 558 1995 585 snpra
2018 548 2091 575 fulva

501 597 550 615 nec
572 588 727 624 ferruginea
749 588 872 624 serieque
895 592 1061 625 punctorum
1084 590 1226 625 nigrorum
1249 590 1277 616 in
1300 590 1401 626 pagina
1425 590 1551 617 inferiore
1575 590 1680 617 alarum
1704 591 1857 617 anticarum
1880 589 1977 616 differt.

179 664 210 696 2.
252 660 308 697 Cli.
337 662 462 708 ephyra
502 660 642 706 (Gon.):
683 663 748 698 alis
781 663 992 705 bicaudatis‚
1026 676 1135 711 supra
1163 665 1284 710 nigris⁷
1325 665 1451 699 anticis
1484 665 1643 712 margine
1670 664 1850 700 exteriore
1877 665 2093 710 punctisque

278 720 472 754 costalibus
513 721 535 753 4
575 732 639 766 per
675 721 775 766 paria
809 721 933 767 positis
967 722 1364 764 caesio-virescentibus;
1404 722 1549 768 posticis
1576 722 1710 756 lunulis
1738 722 2093 768 intramarginalibus

276 775 558 811 fulvescentibus
592 778 756 824 serieque
784 778 992 813 lunularuin
1021 780 1241 823 albidarum3
1281 780 1448 814 omnibus
1475 779 1568 814 infra
1594 780 1695 815 lineis
1723 779 1874 814 sinuatis
1903 780 2024 826 nigris.
2050 784 2093 818 θ’.

373 841 537 877 Nymphalz's
560 842 663 878 ephyra
686 843 760 870 Gon.
806 844 916 880 Encycl.
961 844 1049 871 Mem,
1074 844 1121 871 IX.
1146 845 1213 872 355.
1240 845 1284 872 18.

375 883 515 910 (Vtar-atres
537 884 641 919 ephyra
663 884 781 912 Fmsm.
826 885 877 912 An.
902 885 935 912 (18
958 886 984 912 111
1006 886 1065 913 Soc.
1090 887 1152 913 Eut.
1176 886 1217 913 de.
1241 887 1284 913 Fr.
1311 887 1397 913 1850.
1422 897 1446 923 p.
1472 886 1538 914 258.

308 940 399 976 Hab.
428 941 463 975 in
492 940 675 977 Caffraria.
730 941 956 978 VVAHLBERG.

889 1041 955 1077 'ria
997 1041 1227 1078 BIBLIDES.
1294 1044 1404 1079 3o1sn.

905 1111 978 1143 Gen.
1012 1114 1209 1144 HYPANIS.
1254 1116 1362 1144 Bmsn.

178 1173 206 1205 1.
248 1171 295 1206 H.
324 1171 451 1218 illitliya
478 1170 665 1216 (DRURY.):
694 1172 759 1207 alis
787 1172 1018 1208 denticulatis
1046 1187 1156 1220 supra
1184 1174 1300 1216 fulvis,
1329 1175 1453 1209 anticis
1482 1175 1527 1210 ad
1550 1176 1748 1221 marginem
1770 1176 1928 1210 anticum
1950 1182 1986 1210 et
2005 1177 2093 1210 inte-

273 1230 404 1264 riorem
433 1243 454 1264 a
481 1230 555 1264 basi
583 1242 698 1275 usque
725 1229 770 1264 ad
798 1230 958 1265 medium
985 1237 1041 1266 sat
1068 1232 1140 1266 late
1159 1232 1280 1278 nigris,
1307 1231 1488 1279 fasciaque
1507 1245 1634 1267 versus
1655 1233 1852 1279 marginem
1875 1233 2092 1268 exteriorem

272 1293 488 1330 transversa,
527 1287 730 1334 interrupta
771 1288 886 1334 nigra;
927 1289 1073 1335 posticis
1101 1288 1211 1324 fascia
1237 1289 1311 1324 lata
1339 1290 1626 1337 intramarginali
1654 1290 1757 1336 nigra
1785 1289 2091 1333 fulvo-maculata,

272 1343 365 1379 infra
404 1344 522 1380 fasciis
562 1345 688 1387 tribus,
729 1345 977 1389 flavo—albidis,
1017 1352 1154 1393 puncto
1194 1347 1380 1382 discoidali
1419 1348 1533 1395 nigro,
1573 1348 1823 1383 albo-limbato
1859 1349 2092 1395 margineque

273 1402 446 1436 exteriori
472 1402 586 1448 nigro,
614 1402 846 1438 albo-lineato
874 1403 894 1438 l.
923 1410 1108 1450 punctato.

370 1468 482 1504 Papilio
504 1468 609 1503 ellithya
631 1467 747 1495 DRURY.
792 1468 847 1495 Ins.
882 1468 919 1495 Π.
953 1472 971 1496 t.
1008 1470 1053 1496 17.
1088 1470 1104 1496 f.
1142 1471 1165 1497 1.
1201 1470 1228 1497 2.
1272 1471 1366 1498 CRAM.
1411 1470 1480 1497 Uitl.
1504 1471 1575 1508 Kap.
1599 1474 1617 1498 t.
1643 1471 1709 1498 213.
1734 1472 1777 1507 fig.
1801 1472 1833 1498 A.
1856 1472 1888 1499 B.
1912 1474 1932 1499 t.
1957 1472 2024 1499 214.
2048 1472 2091 1508 fig.

495 1508 524 1536 C.
547 1509 581 1536 D.
625 1509 716 1535 FABR.
761 1508 791 1536 E.
815 1509 840 1536 S.
864 1510 918 1536 ΙΙΙ.
944 1510 967 1537 1.
994 1511 1060 1538 131.
1083 1511 1152 1538 403.

369 1550 459 1577 Βὶὸῖίε
481 1550 586 1586 illithya
608 1550 682 1577 GOD.
727 1550 838 1586 Encycl.
862 1550 950 1578 Meth.
974 1552 1022 1579 IX.
1047 1552 1114 1579 327.
1140 1553 1164 1580 7.

369 1591 625 1659 HypaniSLilgfthya
647 1591 748 1659 13308131).
794 1591 863 1628 Voy.
898 1592 930 1619 (18
964 1593 1041 1620 l'Afr.
1075 1593 1168 1621 Austr.
1202 1603 1252 1631 par
1282 1594 1378 1631 Dcleg.
1409 1595 1476 1622 591.
1508 1595 1553 1622 61.
1599 1594 1726 1622 GUERIN.
1772 1595 1840 1632 Voy.
1864 1605 1898 1623 en
1920 1595 2019 1633 Abyss.
2043 1606 2092 1632 par

519 1642 533 1659 8
555 1642 590 1659 1ν.
613 1641 638 1669 p.
725 1654 730 1658 .

306 1690 397 1726 Hab.
424 1691 460 1725 in
488 1689 672 1726 Caffraria.
727 1690 953 1727 WAHLBERG.
1006 1692 1064 1727 Ad
1092 1693 1246 1728 Portum
1276 1693 1392 1729 Natal.
1447 1694 1707 1730 DELEGORGUE.

173 1776 203 1808 2.
243 1773 291 1808 H.
319 1773 467 1808 aehelo’z'a
504 1787 536 1809 n.
565 1786 614 1821 sp.
648 1774 713 1809 alis
747 1774 988 1817 denticulatis,
1028 1788 1139 1823 supra
1166 1775 1284 1818 fulvis,
1325 1778 1451 1812 anticis
1479 1777 1524 1812 ad
1554 1778 1752 1824 marginem
1781 1779 1940 1814 anticum
1969 1792 1989 1814 a
2016 1779 2090 1814 basi

271 1844 385 1877 usque
413 1831 458 1866 ad
485 1831 644 1867 medium
672 1838 729 1867 sat
754 1833 836 1875 late,
866 1834 1007 1868 macula
1034 1833 1079 1868 ad
1108 1834 1306 1881 marginem
1335 1835 1541 1870 interiorem
1570 1834 1752 1882 fasciaque
1775 1841 1990 1879 transversa,
2010 1837 2092 1872 sub-

270 1889 484 1936 interrupta⁷
519 1902 645 1925 versus
674 1891 873 1937 marginem
902 1891 1128 1934 exteriorem,
1157 1891 1285 1938 nigris;
1327 1892 1472 1938 posticis
1500 1892 1609 1928 fascia
1636 1894 1681 1928 ad
1709 1894 1908 1940 marginem
1937 1895 2088 1929 exterio-

270 1959 345 1982 rem
373 1947 483 1994 nigra,
511 1946 821 1990 fulvo-maculata,
849 1948 943 1984 infra
970 1949 1141 1984 brunneis
1168 1949 1285 1985 fasciis
1312 1950 1429 1986 tribus
1458 1951 1700 1986 maenlaribus
1728 1951 1866 1986 albidis.
1894 1955 1928 1989 Ω.

304 2013 396 2048 Hab.
424 2015 460 2048 in
489 2012 673 2049 Caffi’aria.
728 2013 956 2050 VVAHLBERG.

304 2096 402 2123 Descr.
447 2095 554 2132 Specici
586 2096 754 2132 praecedenti
782 2099 824 2123 sat
853 2097 951 2130 affinis,
983 2097 1031 2125 secl
1053 2098 1150 2126 minor.
1195 2099 1232 2126 H.
1256 2108 1326 2126 corte
1348 2099 1466 2126 Fmsrn.
1511 2097 1578 2137 (An.
1602 2099 1635 2127 de
1659 2100 1684 2127 la
1707 2100 1765 2127 Soc.
1789 2101 1853 2127 Ent.
1877 2101 1910 2127 de
1934 2101 1976 2128 Fr.
2003 2102 2089 2128 1850.

171 2147 196 2174 p.
216 2133 299 2175 249.)
322 2137 406 2164 etiam
429 2137 528 2164 similis
551 2136 668 2170 videtur,
691 2137 739 2164 sed
762 2138 838 2165 nulla
861 2148 923 2165 cum
947 2139 983 2165 H.
993 2141 1121 2175 pollim'ce
1144 2139 1238 2167 CRAM.
1262 2140 1290 2167 in
1313 2140 1414 2176 pagina
1437 2141 1575 2177 superiore
1599 2141 1760 2168 similitudo.
1806 2142 1866 2168 Alae
1889 2152 1970 2178 supra
1994 2142 2089 2171 fulvae:

171 2178 278 2210 antieae,
308 2181 338 2205 ut
361 2178 389 2205 in
412 2178 502 2214 specie
524 2178 705 2215 praecedente,
735 2178 769 2206 ad
792 2180 945 2214 marginem
969 2181 1091 2208 anticum
1115 2190 1130 2207 a
1153 2180 1212 2208 basi
1235 2190 1320 2217 usque
1344 2181 1377 2208 ad
1401 2182 1523 2209 medium
1547 2185 1589 2209 sat
1612 2182 1666 2209 late
1690 2183 1785 2218 nigrae,
1809 2183 1856 2210 sed
1879 2183 1914 2210 ad
1937 2184 2090 2219 marginem

171 2219 329 2247 interiorem
363 2222 474 2246 tantum
508 2219 644 2247 maculam
677 2219 898 2247 bimucronatam
931 2221 1039 2257 nigram
1072 2225 1180 2257 gerunt.
1225 2222 1319 2249 Fascia
1344 2223 1497 2259 interrupta
1521 2233 1614 2251 versus
1637 2224 1789 2260 marginem
1814 2225 1986 2256 exteriorem,
2011 2225 2090 2252 utin

171 2261 274 2298 priore,
307 2260 355 2288 sed
389 2261 473 2288 fascia
505 2264 546 2287 est
579 2261 669 2288 antice
702 2261 831 2297 gracilior
864 2265 890 2289 et
924 2263 1032 2290 macula
1065 2263 1163 2290 costali
1196 2263 1289 2299 nigra,
1324 2264 1428 2300 postico
1462 2264 1566 2297 lunata,
1600 2264 1708 2292 desinit.
1754 2266 1840 2292 Extra
1873 2266 1944 2293 hanc
1978 2266 2090 2293 fasciam

171 2303 244 2329 linea
266 2302 371 2339 postice
394 2302 512 2338 abrupta
535 2302 624 2329 antice
648 2302 737 2334 latior,
771 2312 855 2339 prope
879 2304 1031 2339 marginem
1055 2305 1146 2341 ipsum
1174 2305 1290 2337 fulvum,
1322 2305 1413 2332 locum
1438 2309 1521 2333 tenet.
1567 2306 1659 2334 Cestae
1682 2316 1697 2334 a
1720 2306 1804 2334 fascia
1827 2310 1982 2334 transversa
2006 2317 2090 2344 nsque

171 2343 206 2371 ad
239 2343 392 2380 marginem
423 2343 586 2370 exteriorem
615 2353 710 2371 omnes
733 2344 827 2380 nigrae.
872 2345 933 2372 Alae
956 2346 1070 2382 posticae
1093 2346 1128 2373 ad
1151 2346 1303 2382 marginem
1327 2347 1491 2374 exteriorem
1514 2347 1627 2375 fasciam
1651 2348 1745 2380 latam,
1768 2348 1885 2384 nigram,
1909 2349 2090 2376 fulvo—macu-

171 2385 265 2417 latam,
288 2385 401 2412 omuino
424 2388 455 2412 ut
477 2385 505 2412 in
528 2385 700 2421 praecedente
723 2389 835 2421 gerunt;
868 2386 902 2413 ad
925 2386 1004 2414 basin
1026 2387 1110 2414 fascia
1134 2387 1211 2415 adest
1234 2388 1320 2419 nulla,
1343 2388 1392 2415 sed
1414 2391 1524 2415 tantum
1548 2389 1655 2416 macula
1678 2389 1792 2416 dentata
1814 2390 1893 2425 nigra
1916 2390 1943 2417 in
1967 2390 2090 2426 margine

172 2426 271 2453 antico.
316 2426 376 2453 Alae
399 2426 499 2453 anticae
521 2429 586 2453 sunt
609 2426 680 2454 infra
702 2427 815 2453 omnino
839 2431 869 2454 ut
892 2427 918 2454 in
943 2428 1033 2464 specie
1056 2429 1238 2465 praecedente,
1262 2429 1309 2456 sed
1333 2439 1402 2466 apex
1425 2430 1573 2463 brunneus,
1597 2430 1712 2457 maculis
1735 2435 1854 2467 quatuor
1877 2431 1946 2458 albis
1968 2436 2089 2461 notatus„

172 2467 205 2494 de
228 2470 329 2500 cetero,
352 2477 414 2494 cum
438 2467 561 2503 margine
585 2468 718 2495 exteriore
742 2468 893 2501 concolore,
916 2469 1047 2496 unicolor.
1092 2470 1153 2497 Alae
1176 2471 1290 2506 posticae
1313 2471 1384 2498 infra
1406 2471 1589 2498 differentiam
1603 2472 1753 2499 maximam
1766 2472 1903 2509 praebent:
1927 2473 2002 2500 color
2018 2473 2089 2500 rufo-

172 2508 320 2541 1111111118115,
353 2509 444 2536 fasciis
468 2509 485 2536 3
508 2510 670 2536 transversis
699 2509 884 2536 macularibus
907 2510 1006 2537 albidis
1030 2511 1160 2547 exceptis,
1191 2512 1334 2547 signatura
1357 2512 1410 2539 alia
1433 2513 1546 2539 omnino
1570 2516 1657 2545 carct3
1691 2513 1807 2541 maculae
1830 2514 1976 2541 fasciarum
2000 2515 2089 2541 colore

173 2549 373 2577 fundamentali
405 2550 523 2577 invicem
557 2550 717 2587 disjunctae3
752 2551 867 2578 maculae
901 2551 997 2578 baseos
1030 2553 1135 2588 postice
1164 2556 1191 2579 et
1214 2552 1283 2579 disci
1305 2553 1395 2580 antice
1418 2553 1682 2590 nigro-marginatae.
1727 2555 1824 2582 Fascia
1846 2555 1953 2592 postica
1976 2555 2089 2582 minime

173 2591 201 2618 in
224 2591 347 2627 margine
370 2594 492 2625 externo,
515 2591 563 2619 sed
585 2593 667 2629 longe
690 2592 762 2619 intra
785 2592 864 2620 illum
888 2592 977 2620 locata
1000 2597 1048 2620 est.
1094 2593 1164 2620 Cilia
1187 2593 1293 2621 alarum
1315 2594 1399 2622 fusca.

881 2679 954 2711 Gen.
988 2682 1227 2712 EURYTELA.
1271 2683 1380 2712 BOISD.

176 2743 205 2775 1.
246 2740 286 2775 E.
313 2740 443 2787 hyarba
469 2739 628 2785 (FABR.):
668 2742 732 2777 alis
773 2741 939 2785 dentatis,
978 2755 1088 2789 supra
1126 2743 1237 2790 nigris
1271 2743 1381 2779 fascia
1415 2745 1597 2779 communi
1632 2746 1721 2789 alba,
1757 2746 1976 2793 posticarum
2004 2747 2086 2789 lata,

272 2798 473 2833 anticarum
522 2799 710 2845 graciliore
756 2806 863 2846 atque
909 2800 1137 2844 abbreviata3
1189 2802 1355 2837 omnibus
1396 2801 1488 2837 infra
1527 2804 1663 2839 carneis
1704 2805 1853 2840 maculis
1893 2804 2085 2850 strigisque

273 2856 552 2900 obscurioribus,
578 2855 689 2892 fascia
716 2863 757 2893 ut
784 2858 820 2892 in
846 2859 977 2906 pagina
1003 2859 1198 2906 superiore.
