2382 3361
792 334 1105 359 LEPIDOPTERA
1138 334 1477 361 RHOPALOCERA.
1999 332 2042 366 51

314 406 413 433 Deser.
456 405 557 433 Forma
591 405 695 432 alarum
728 405 782 433 fere
806 406 841 433 I-I.
864 406 979 442 sylvani,
1002 405 1050 432 sed
1073 405 1124 433 alae
1147 406 1262 442 posticae
1284 407 1358 435 hnud
1381 408 1505 435 sinuatae.
1551 409 1689 437 Antennoe
1712 410 1798 437 nostri
1821 411 1965 447 specimini
1988 412 2095 440 desunt.

182 446 261 484 Palpi
294 447 364 474 flavi.
409 446 500 484 Caput
533 447 643 482 nigrum
678 447 793 474 maculis
824 446 1041 474 flavescentibus.
1086 447 1233 475 Abdomcn
1256 458 1338 485 supra
1361 449 1470 484 nigrum
1494 449 1620 477 incisuris
1643 451 1734 483 fulvis,
1757 451 1828 478 infra
1850 452 1957 480 fulvum
1981 454 2096 481 maculis

180 488 351 515 vcntralibus
374 488 468 524 nigriS,
502 488 722 515 obsoletioribus.
767 488 828 515 Alae
850 497 932 524 supra
955 488 1234 524 suscescente—nigrae,
1268 490 1337 517 serie
1360 491 1500 518 communi
1524 492 1693 519 macularum
1717 492 1863 525 fulvarunl,
1895 498 2038 521 ovatarum
2062 495 2096 522 ud

180 529 334 565 marginem
357 529 535 562 exteriorem3
560 529 667 556 macula
692 529 839 556 rotundam
862 529 985 565 ejusdcm
1009 529 1117 561 coloris,
1141 533 1183 556 sat
1206 539 1306 566 magna
1330 531 1357 558 iu
1381 531 1479 558 cellula
1502 532 1607 559 alarum
1631 534 1799 569 posticarum
1823 534 1990 562 observatur,
2036 536 2096 563 Alae

180 571 280 598 anticae
313 571 451 598 maculam
485 574 678 602 transversam,
712 570 930 606 rectangularffln
954 570 982 597 in
1005 570 1105 597 cellula
1128 574 1155 598 et
1178 572 1299 599 maculas
1324 573 1340 599 6
1364 572 1478 599 seriatns
1501 578 1578 600 extra
1601 574 1729 601 cellulam
1752 579 1859 610 gerunt.
1905 576 1957 603 Hae
1981 577 2097 604 maculae

180 616 245 639 sunt
277 611 354 644 albae,
389 612 417 639 in
440 612 603 639 flavcdinem
626 611 700 638 haud
724 616 876 647 vergentes,
900 614 927 638 ct
950 612 1067 639 maculae
1089 612 1177 643 seriei,
1201 616 1231 639 ut
1254 613 1386 649 sequitur,
1410 614 1521 641 locatae:
1546 615 1662 643 maculae
1686 616 1703 642 3
1727 616 1889 644 coadunatas
1912 617 1984 644 inter
2007 622 2097 645 costas

181 653 276 686 6—9;
300 653 408 680 macula
430 653 521 680 minor
543 653 729 689 subquadrata
752 653 824 680 inter
846 656 936 680 costas
960 653 1055 685 3—4;
1082 653 1190 680 macula
1213 655 1337 681 omnium
1361 655 1491 687 maxima,
1515 655 1587 683 inter
1608 660 1698 683 costas
1723 657 1811 685 2—3.
1834 667 1898 685 mox
1922 668 1992 695 pone
2015 659 2097 686 cellu-

181 694 250 726 lam3
284 695 392 722 macula
425 694 542 731 (lenique
577 694 692 726 minuta,
726 694 861 721 subovata
896 703 958 721 mox
987 697 1051 721 ante
1079 698 1184 722 costam
1215 696 1324 722 lunam.
1369 696 1430 724 Alae
1453 697 1553 723 anticae
1576 697 1645 724 infra
1669 698 1863 733 nigrescentes,
1887 699 1920 726 ad
1944 700 2097 736 marginem

180 735 311 768 anticum,
335 735 488 773 praesertim
513 745 605 762 versus
628 735 713 768 basin,
737 739 764 763 ct
787 736 821 762 ad
844 735 950 772 apicem
974 745 1059 771 usquc
1083 735 1117 762 ad
1140 739 1230 763 costus
1256 737 1343 769 1—2,
1367 737 1422 764 late
1446 737 1536 770 fulvoe,
1560 739 1676 765 maculis
1699 739 1768 766 albis
1792 743 1821 766 ut
1844 740 1872 767 in
1895 741 1995 776 pagina
2019 751 2098 778 supe-

181 777 251 804 riore
285 780 403 809 notatae3
437 777 509 804 inter
537 777 674 804 maculam
699 777 806 804 cellulae
830 780 856 804 ct
879 777 977 804 seriem
1001 777 1171 804 macularum
1196 781 1271 805 extra
1296 778 1424 805 cellulam
1448 779 1556 806 macula
1579 779 1793 807 indeterminata
1816 784 1843 807 et
1866 781 1991 808 obsoleta
2013 782 2098 809 fulve-

180 827 258 845 sceus
291 822 367 845 tenct
400 818 501 845 locum.
546 818 607 845 Alae
630 818 744 855 posticae
768 818 837 845 infra
860 818 951 851 fulvae,
980 818 1008 845 in
1031 818 1155 854 margine
1179 818 1287 846 interno
1311 819 1366 846 late
1389 820 1580 847 fuscescentcs.
1625 821 1721 848 Fascia
1745 821 1853 849 helvola
1876 822 1955 849 valde
1978 827 2097 856 arcuata,

180 859 215 887 ad
238 859 316 886 basin
339 859 411 887 inter
433 863 538 886 costam
565 861 664 886 lzlnum
689 863 716 886 ct
739 863 867 886 truncum
891 869 1066 886 communem
1090 859 1259 896 superiorem
1282 861 1381 897 incipit
1404 864 1431 888 et
1454 864 1531 888 extra
1554 862 1681 889 cellulum
1706 872 1791 899 usque
1815 863 1849 890 ud
1872 867 1977 891 costam
1996 864 2097 891 7zmam

179 910 208 928 sc
231 900 363 928 extendit.
408 900 477 928 Haec
501 901 584 928 fascia
607 901 717 937 punctis
742 901 758 928 2
784 910 875 928 versus
899 901 977 928 basin
1000 904 1027 927 et
1050 901 1149 928 deinde
1173 901 1200 928 in
1223 902 1342 929 termino
1365 906 1392 929 ct
1416 903 1523 929 interno
1547 906 1574 930 et
1598 907 1710 931 externo
1734 904 1844 940 punctis
1865 905 1992 941 plurimis
2013 906 2098 942 nigris

180 945 301 969 ornatur.
346 942 378 969 In
412 942 510 970 cellula
545 942 653 969 macula
685 942 871 978 subquadrata
894 942 972 969 adest
995 942 1081 977 nigra.
1126 942 1226 979 Margo
1249 943 1368 972 exterior
1390 944 1495 972 alarum
1519 945 1643 972 onmium
1668 945 1739 973 linea.
1762 945 1840 982 nigra
1863 949 1982 975 notatus.
2028 947 2097 974 Gilia

180 983 285 1011 alarum
308 983 483 1011 flavescentia
506 983 745 1020 nigro-maculata,
769 984 938 1021 posticarum
961 983 1147 1012 immaculata.

955 1107 1166 1137 CAPRONA.
1200 1118 1226 1137 n.
1260 1117 1324 1146 geu.

181 1192 350 1227 Antennoe
378 1190 570 1233 breviores,
598 1191 699 1226 clava
726 1191 905 1234 distincta,
933 1192 1203 1240 subpyriformi,
1230 1193 1419 1238 aequaliter
1447 1205 1575 1237 crassa,
1603 1195 1743 1237 obtusa,
1772 1195 1915 1230 reflexa.

180 1265 284 1312 Palpz'
311 1265 429 1307 crassi,
456 1266 775 1312 squamam—pilosi,
801 1265 1081 1313 subcompressi;
1108 1267 1286 1302 articulus
1315 1267 1464 1303 ultimus
1491 1268 1736 1312 brevissimus,
1761 1269 1866 1312 latus,
1889 1269 2049 1305 obtusus.

182 1338 290 1386 Caput
316 1340 441 1383 latum,
469 1353 651 1386 magnum,
679 1339 848 1376 fasciculo
876 1341 1055 1388 pendente
1083 1341 1266 1376 ordinario
1294 1342 1361 1377 sub
1389 1343 1563 1377 antennis.

182 1413 310 1462 Comus
348 1427 524 1457 ei·assun1;
564 1414 697 1449 thorax
737 1415 842 1457 latus.
870 1415 1070 1461 elongatus,
1110 1416 1329 1463 longitudini
1367 1416 1569 1452 abdominis
1596 1416 1671 1452 fere
1699 1418 1856 1464 aequalis.
1910 1418 2101 1454 Abdomen

281 1473 345 1508 alis
373 1472 519 1520 posticis
547 1473 714 1520 expansis
741 1473 858 1508 multo
887 1473 1041 1509 brevius.
1095 1473 1204 1509 Coxae
1232 1473 1364 1520 pedum
1392 1475 1596 1510 anticorum
1624 1474 1767 1520 (saltem
1795 1476 1831 1511 in
1858 1474 1973 1521 mare)
2000 1476 2102 1512 fasci-

281 1531 364 1566 culo
397 1543 443 1565 ex
476 1530 556 1577 pilis
587 1530 812 1577 longissimis,
848 1531 1018 1578 adpresso
1047 1537 1082 1566 et
1109 1531 1143 1566 in
1172 1531 1264 1567 rima
1291 1532 1482 1580 pilositatis
1509 1533 1698 1580 pectoralis
1727 1533 1877 1577 occulto,
1905 1534 2101 1570 instructas.

281 1588 393 1623 Tibiae
422 1588 566 1635 posticae
594 1589 831 1624 4-calcaratae.

180 1663 258 1699 Alce
285 1664 412 1698 anticae
439 1663 474 1698 in
503 1663 663 1710 margine
690 1663 831 1698 interno
859 1662 965 1699 valde
992 1665 1168 1699 arcuatim
1198 1665 1338 1707 excisae,
1367 1670 1409 1700 ut
1436 1666 1591 1713 angulus
1619 1678 1743 1700 earum
1771 1666 1932 1715 posticus
1960 1666 2035 1702 fere
2056 1668 2102 1703 sit

279 1721 490 1756 lobiformis.
543 1721 668 1768 Margo
695 1733 819 1756 earum
848 1722 990 1757 anticus
1018 1722 1092 1758 fere
1120 1730 1251 1765 rectus,
1279 1723 1324 1758 ad
1353 1723 1453 1759 basin
1482 1725 1544 1758 vix
1573 1730 1753 1760 arcuatus.
1794 1723 1921 1771 Margo
1940 1726 2102 1761 exterior

280 1781 372 1815 inter
413 1785 529 1815 costas
574 1781 664 1814 lm?
706 1780 966 1815 obsoletissime
998 1781 1171 1816 sinuatus.
1226 1781 1331 1829 Apex
1357 1781 1566 1818 subacutus.
1620 1781 1745 1829 Margo
1773 1783 1933 1818 exterior
1960 1784 2101 1818 alarum

281 1837 501 1885 postia-arum
543 1838 637 1873 inter
674 1844 792 1873 costas
825 1840 920 1873 4—ss
956 1838 1124 1874 distincte
1151 1847 1187 1874 et
1213 1840 1345 1874 iterum
1373 1840 1466 1875 inter
1494 1845 1611 1875 costas
1640 1842 1735 1876 2--3
1765 1841 1926 1876 obsolete
1953 1842 2102 1888 angula-

281 1902 350 1930 tus.
404 1896 570 1943 Angulus
610 1896 722 1931 analis
762 1895 989 1938 rotundatus,
1030 1897 1311 1944 subproductus.
1363 1897 1441 1933 Alae
1474 1897 1621 1944 posticas
1648 1903 1733 1933 sunt
1761 1911 1871 1945 supra
1898 1899 1943 1934 ad
1972 1900 2102 1946 margi-

281 1966 360 1988 nem
403 1954 584 1989 internum
626 1955 705 2002 pilis
745 1955 963 2000 longissimis
1000 1961 1035 1989 et
1075 1955 1110 1989 in
1150 1955 1247 1990 disco
1287 1956 1367 2003 pilis
1401 1956 1600 1993 rarioribus
1632 1956 1788 2000 vestitae;
1828 1955 1922 1993 infra
1956 1958 2101 1993 brevius

282 2012 413 2059 pilosae.
467 2011 605 2048 Cellula
633 2013 772 2048 alarum
800 2013 1001 2048 anticarum
1030 2013 1193 2060 simplex.

183 2085 289 2122 Castae
328 2087 467 2121 alarum
508 2087 711 2122 anticarum
754 2092 795 2122 ut
835 2087 870 2122 in
903 2100 1034 2134 genere
1067 2089 1302 2135 praecedente,
1337 2089 1399 2125 sed
1428 2094 1528 2124 costa
1557 2091 1628 2127 5:ta
1654 2090 1689 2126 in
1717 2089 1835 2125 medio
1863 2090 1957 2126 inter
1985 2097 2102 2127 costas

281 2146 376 2179 4—ss
405 2145 474 2179 sita
501 2151 537 2180 et
563 2145 689 2180 cellula
719 2145 809 2192 plica
836 2145 935 2180 tenui
964 2146 1095 2181 clausa.
1149 2145 1289 2182 Cellula
1316 2147 1457 2184 alarum
1483 2147 1703 2194 posticarum
1723 2147 1815 2194 plica
1834 2161 1952 2184 crassa
1970 2149 2101 2190 clausa,

283 2202 410 2249 plicam
452 2202 603 2237 alteram
643 2215 798 2237 crassam
835 2215 962 2238 versus
996 2204 1195 2250 marginem
1230 2205 1310 2242 loco
1344 2211 1451 2241 costae
1486 2205 1662 2240 emittens.
1715 2205 1952 2243 Intervallum
1982 2206 2101 2243 hasale

282 2260 374 2295 inter
402 2266 519 2295 costas
548 2261 642 2295 8-9
672 2260 811 2295 alarum
839 2261 1040 2296 anticarum
1068 2262 1184 2298 multo
1213 2263 1340 2305 minus,
1369 2275 1476 2309 quam
1505 2263 1600 2301 inter
1628 2269 1746 2302 costas
1775 2265 1907 2301 9—10.

187 2378 213 2411 1.
256 2375 290 2412 C.
310 2376 473 2423 pillacma
512 2389 545 2411 n.
579 2389 630 2424 sp.
669 2377 733 2412 alis
772 2389 882 2424 supra
921 2377 1313 2424 grisescente-cinereis‚
1353 2379 1479 2417 anticis
1518 2378 1629 2417 fascia
1668 2378 1853 2418 discoidali
1889 2379 2098 2427 interrupta,

281 2440 415 2481 puncto
443 2434 538 2470 inter
563 2441 681 2470 costas
710 2436 815 2478 3—4,
845 2435 1057 2483 maculaque
1085 2436 1232 2482 obliqua
1259 2436 1354 2473 inter
1380 2443 1498 2472 costas
1519 2439 1640 2472 6--10
1660 2437 1798 2479 vitreis;
1826 2439 1972 2485 posticis
1991 2451 2101 2486 supra

282 2492 326 2527 ad
368 2493 565 2538 marginem
601 2493 816 2527 exteriorem
850 2493 1203 2540 ferrugineo-tinctis,
1237 2493 1346 2533 fascia
1373 2494 1558 2532 diseoidali
1587 2495 1750 2531 obsoleta
1777 2495 1917 2541 pallida,
1946 2497 2101 2531 cinereo-

284 2558 423 2593 notata3
464 2551 611 2598 posticis
651 2550 744 2586 infra
784 2551 1113 2594 flavescente-albis,
1146 2550 1255 2589 fascia
1282 2552 1446 2589 obsoleta
1474 2553 1757 2598 intrauiarginali
1786 2553 1935 2589 cinerea.
1991 2553 2100 2599 Long.

284 2608 327 2643 al.
355 2621 435 2653 exp.
463 2609 575 2644 circit.
605 2610 651 2644 40
679 2609 814 2644 millim.

317 2689 408 2725 Hab.
436 2691 471 2726 in
499 2690 682 2727 Caffraria.
737 2691 964 2729 WAHLBERG.

317 2780 416 2808 Desrr.
461 2781 598 2810 Antennae
631 2782 755 2816 cinereae,
789 2782 865 2811 clava
899 2783 982 2811 fusca.
1028 2783 1134 2825 Corpus
1157 2786 1248 2812 totum
1272 2793 1354 2821 supra
1376 2783 1705 2820 grisesoente-cinereum,
1730 2783 1799 2811 infra
1821 2792 1883 2810 cum
1907 2782 1997 2820 palpis
2021 2783 2100 2810 flave-

183 2822 391 2849 scente—album.
436 2822 596 2851 Fasciculus
629 2833 759 2852 coxarum
788 2824 941 2852 amicarum
971 2824 1055 2861 niger.
1099 2825 1161 2852 Alae
1183 2835 1266 2862 supra
1287 2825 1596 2861 grisescente·cinereae;
1629 2824 1729 2852 anticae
1751 2824 1864 2852 fasciam
1887 2828 1990 2851 rectam
2013 2827 2100 2851 trans-

185 2872 291 2890 versam
319 2873 390 2900 pone
413 2862 521 2891 discum
544 2869 652 2900 gerunt.
696 2866 764 2894 Haec
787 2865 872 2893 fascia
894 2875 909 2893 a
932 2866 1056 2902 margine
1080 2867 1171 2894 antico
1194 2867 1229 2894 ad
1251 2869 1381 2894 truncum
1403 2869 1541 2893 costarum
1565 2866 1735 2903 superiorem
1758 2869 1800 2893 est
1822 2865 2099 2897 flavescente-albida,

185 2904 258 2931 haud
291 2904 439 2941 pellucida,
473 2905 520 2932 sed
554 2915 569 2933 a
603 2909 700 2934 trunco
733 2907 877 2935 nominato
911 2917 996 2945 usque
1025 2908 1060 2940 ad
1088 2912 1193 2942 costam
1218 2908 1309 2939 2:dam
1332 2909 1427 2941 vitrea,
1450 2909 1605 2935 extrorsum
1627 2907 1771 2935 bidentata
1793 2910 1821 2934 et
1843 2906 1882 2939 ibi
1905 2910 1986 2938 tenue
2010 2907 2100 2943 nigro-
