2382 3361
308 312 349 344 1⁴5
962 315 995 337 H.
1024 315 1056 337 r).
1085 314 1112 337 J.
1139 313 1464 343 WALLENGnEN,

256 395 310 428 14.
351 392 394 426 A.
421 389 572 437 speciosa
599 401 631 422 n.
659 400 726 434 sp.:
754 387 818 422 alis
847 399 955 433 supra
983 386 1081 428 albis,
1109 385 1185 420 basi
1212 385 1503 432 grisescentibus,
1532 385 1658 420 anticis
1687 385 1796 420 costis
1825 385 2076 421 concoloribus
2105 399 2177 422 ma-

354 449 506 493 culaque
534 445 662 492 apicali
696 457 827 491 magna
859 445 970 490 nigra,
1006 444 1155 478 maculis
1188 446 1209 477 4
1238 443 1390 491 cyaneis‚
1418 442 1774 490 quadrangularibus
1802 448 1940 486 ornata,
1967 449 2176 490 punctoque

353 505 538 541 discoidali
566 504 678 550 nigro.
706 507 748 540 ἅ.
803 501 913 548 Long.
941 502 984 536 al.
1012 514 1091 548 exp.
1121 504 1167 537 58
1196 502 1332 537 millim.

386 571 476 607 Hab.
505 571 540 604 in
568 569 752 604 Caffraria.
808 567 1034 602 WAHLBERG.

386 646 484 673 Descr.
528 643 700 671 Praecedenti
734 642 792 669 haec
826 641 931 678 specics
964 645 1057 668 nostra
1091 646 1132 669 est
1167 642 1274 674 similis,
1308 641 1355 668 sed
1390 651 1416 668 re
1452 650 1514 667 vera
1543 640 1674 668 distincta
1705 643 1730 667 et
1754 640 1865 673 femina,
1889 650 1904 668 a
1927 641 2102 668 BOISDUVAL
2125 642 2176 669 snb

252 688 378 715 Autlmclr.
395 689 460 720 jone
483 687 511 713 in
534 686 603 721 Voy.
627 694 676 721 par
699 684 903 711 DELEGORGUE
938 687 1098 715 memorata,
1132 683 1166 710 ad
1201 683 1251 710 hac
1280 683 1399 719 speciem
1429 682 1545 708 forsitan
1573 681 1723 708 referenda.
1768 682 1869 708 Forma
1892 682 1997 708 alarum
2021 683 2174 709 anticarum

253 729 360 756 brevior
393 732 420 755 ct
454 737 523 764 apcx
557 726 690 753 obtusior.
725 735 807 761 quam
842 725 868 751 in
901 724 991 760 specie
1021 725 1111 760 priori.
1156 724 1236 751 Basis
1260 724 1365 751 alarum
1391 723 1479 750 multo
1502 723 1586 749 latius
1609 723 1770 758 grisescens,
1794 732 1877 759 quam
1900 723 1928 750 in
1951 723 2050 760 priore,
2074 726 2101 750 et
2124 724 2176 751 ala·

252 771 366 808 posticze
397 770 477 806 juxta
509 768 647 795 abdomen
679 767 778 793 atomis
802 765 925 802 ejusdem
949 765 1048 792 coloris
1071 769 1134 793 sunt
1159 766 1264 792 obsitae.
1309 764 1478 800 Magnitudo
1502 764 1586 791 etiam
1609 763 1707 796 minor,
1730 767 1757 790 et
1780 764 1869 791 fornia
1892 764 2063 791 macularum
2087 765 2177 801 apica-

252 813 319 839 lium
344 812 404 838 aliu.
450 811 532 837 Color
554 810 660 836 alarum
684 808 812 843 utrinque
836 807 924 836 albus,
948 807 995 833 scd
1019 810 1102 834 costa²
1124 808 1286 839 anticarum,
1306 816 1367 842 quae
1380 816 1394 832 a
1407 805 1505 832 cellula
1524 814 1609 841 usqne
1628 805 1662 832 ad
1681 805 1834 841 marginem
1853 805 1926 842 apud
1944 806 2063 842 speciem
2076 816 2177 842 praecc-

252 854 363 881 ‹lentem
397 856 462 879 suut
496 852 591 887 nigrae,
625 851 653 877 in
687 849 777 886 specic
801 852 894 875 nostra
918 848 996 879 alhae,
1032 849 1200 885 posticarum
1224 852 1335 874 tantum
1358 847 1452 883 nigrae.
1498 847 1558 873 Ala:
1582 846 1681 874 anticae
1704 851 1839 883 punctum
1863 847 2042 874 discoidaleni
2066 848 2177 884 nigrum

253 896 381 930 utrinque
404 897 511 929 gerunt.
557 892 670 919 Macula
693 890 872 925 triangularis
896 899 1004 925 magna,
1029 890 1115 925 nigra,
1139 900 1154 916 a
1178 890 1302 925 margine
1326 889 1417 915 antico
1443 898 1526 924 usqne
1550 887 1584 914 ad
1608 888 1762 923 marginem
1781 888 1944 915 exteriorem
1965 898 2050 925 prope
2069 890 2174 917 exitum

251 940 335 964 costae
360 935 430 963 *2:‹lae
454 944 481 961 se
505 933 665 964 extendens,
689 933 795 968 apicem
819 935 910 958 totum
934 931 1039 958 alarum
1064 931 1217 958 anticarum
1242 933 1366 967 occupat.
1411 930 1443 956 In
1467 929 1518 956 liae
1542 929 1650 956 macula
1673 929 1775 956 adsunt
1798 930 1914 956 maculae
1938 931 1956 957 4
1976 940 2094 967 cyaneae,
2114 940 2175 967 qua·

252 978 341 1005 multo
364 980 428 1004 sunt
452 976 598 1005 breviores,
621 983 703 1010 quam
727 973 755 1000 in
779 972 868 1009 specie
892 972 1073 1008 pneccdente,
1104 975 1133 999 ut
1162 972 1277 1007 nigredo
1309 971 1398 1007 magis
1421 971 1587 998 dominetur.
1632 971 1732 997 Forma
1756 980 1850 997 earum
1874 974 1915 997 est
1938 971 2175 1007 quadrangularis,

253 1020 400 1046 introrsum
424 1020 451 1044 et
474 1021 629 1044 extrorsum
653 1018 788 1042 truncata.
834 1014 945 1040 Macula
969 1014 1067 1040 harum
1091 1014 1182 1040 antica
1206 1013 1320 1040 minima
1344 1016 1371 1039 et
1394 1012 1514 1039 secunda
1538 1022 1552 1039 a
1571 1012 1695 1048 margine
1713 1011 1806 1038 antico
1823 1012 1952 1039 maxima.
1982 1013 2043 1040 Alae
2062 1014 2175 1050 postica¹

251 1060 364 1087 omnino
400 1062 429 1086 ut.
463 1059 491 1085 in
525 1057 615 1095 specie
649 1056 822 1093 prrecedcnte
857 1055 973 1082 maculis
1008 1055 1093 1091 nigris
1122 1055 1156 1082 ad
1180 1055 1284 1082 exitum
1309 1058 1448 1081 costarum
1472 1056 1611 1080 ornantur.
1657 1053 1717 1080 Alae
1741 1053 1840 1080 anticae
1864 1053 1934 1081 infra
1958 1058 2023 1081 sunt
2046 1054 2123 1084 albae,
2148 1055 2174 1082 in

251 1102 327 1138 apice
351 1101 546 1137 grisco-flavam
570 1098 684 1136 posticae
707 1102 801 1124 tamon
825 1097 913 1132 magis
936 1097 1122 1124 flavo-albidae
1145 1100 1170 1123 ct
1195 1097 1223 1123 in
1247 1096 1371 1132 margine
1389 1096 1480 1122 antico
1504 1095 1537 1122 ad
1556 1095 1643 1127 basin,
1662 1095 1739 1122 utin
1758 1095 1848 1131 specie
1865 1095 2046 1132 praecedente,
2064 1106 2174 1124 croccze

253 1144 284 1170 In
308 1143 400 1170 medio
424 1141 547 1178 ejusdem
572 1140 704 1175 marginis
728 1138 865 1166 maculam
890 1139 994 1165 fuscam
1019 1142 1046 1165 et
1070 1139 1097 1165 in
1121 1138 1196 1165 disco
1220 1141 1355 1175 punctum
1379 1137 1502 1174 ejusdem
1526 1136 1624 1164 coloris
1647 1140 1755 1172 gerunt.

970 1259 1043 1291 Gen.
1088 1260 1304 1290 THEsTIAS.
1348 1261 1457 1289 BorsD.

255 1346 283 1378 1.
339 1343 399 1378 Th.
433 1354 535 1377 amm
569 1354 600 1375 n.
635 1353 685 1387 sp.
720 1339 784 1374 alis
817 1351 926 1385 supra
954 1338 1052 1379 albis,
1088 1337 1165 1373 basi
1193 1338 1265 1372 late
1292 1337 1439 1384 glaucis,
1471 1337 1632 1382 margine
1660 1337 1840 1372 exteriore
1868 1337 2066 1373 amicarum
2094 1350 2175 1385 gra-

351 1401 482 1441 ciliore,
519 1400 633 1446 nigro,
673 1397 887 1442 maculaque
914 1394 1121 1438 rufo-fulva,
1157 1396 1293 1442 apicem
1322 1400 1532 1441 occupante,
1561 1407 1580 1429 a
1608 1394 1707 1429 disco
1735 1408 1799 1442 per
1826 1394 1972 1430 fasciam
2001 1396 2111 1430 latam
2140 1404 2174 1432 et

350 1465 496 1499 rectam,
524 1459 662 1504 nigram
691 1461 872 1502 separata3
900 1454 1068 1488 omnibus
1095 1452 1188 1488 infra
1216 1452 1305 1487 albis
1330 1452 1474 1486 macula
1493 1451 1678 1487 discoidali
1699 1453 1809 1499 nigra,
1831 1454 2051 1500 posticarum
2074 1454 2174 1489 fulvo

350 1522 483 1558 notata,
523 1515 613 1550 serie
654 1513 831 1548 undulata-
871 1512 1053 1546 communi
1095 1511 1320 1546 macularum
1361 1509 1545 1545 fuscarum
1581 1510 1754 1556 exituque
1781 1517 1964 1547 costarum
1992 1513 2105 1559 nigro.
2132 1516 2174 1549 ο),

350 1574 462 1621 Long.
490 1574 534 1608 al.
562 1585 642 1620 exp.
673 1574 718 1607 70
746 1571 883 1605 millim.

384 1640 475 1675 Hah.
504 1640 537 1673 in
567 1637 750 1673 Caffraria.
805 1636 848 1670 W
852 1646 1032 1670 AHLBERG.

384 1715 482 1741 heser.
527 1712 700 1740 Affinitatem
736 1711 890 1747 proximam
926 1719 986 1736 cum
1026 1709 1073 1735 Th.
1102 1709 1245 1735 maz-imma
1279 1708 1374 1735 CRAM.
1409 1708 1492 1735 habet
1521 1707 1579 1735 haec
1603 1712 1696 1735 nostra
1720 1709 1834 1745 species,
1857 1709 1949 1736 differt
1973 1712 2065 1736 tamen
2089 1708 2172 1735 fascia

251 1757 336 1792 nigra,
361 1755 497 1783 maculam
521 1755 626 1781 fulvam
650 1752 735 1790 apicis
758 1753 908 1779 introrsum
932 1750 1107 1779 terminante,
1141 1753 1214 1776 recta
1248 1759 1297 1776 nec
1332 1753 1362 1776 ut
1391 1749 1419 1776 in
1448 1749 1494 1776 illa
1518 1750 1609 1777 excisa
1632 1753 1659 1776 et
1682 1750 1823 1786 angulata,
1847 1754 1874 1777 et
1898 1751 1987 1777 colore
2011 1750 2173 1785 signaturis-

250 1808 301 1834 qne
335 1797 444 1834 paginae
479 1796 615 1823 inferioris
647 1795 753 1821 alarum
783 1797 833 1820 etc.
879 1792 939 1819 Alae
963 1801 1044 1828 snpra
1068 1791 1146 1823 albae,
1181 1790 1214 1818 ad
1239 1791 1317 1818 basin
1340 1791 1475 1818 latissime
1498 1791 1613 1826 glauca».
1647 1795 1677 1818 nt
1701 1792 1776 1818 color
1799 1792 1878 1819 albus
1901 1796 2011 1819 tantum
2035 1795 2065 1818 nt
2089 1791 2171 1818 fascia

250 1849 276 1866 se
300 1839 429 1875 praebeat.
474 1838 573 1873 Margo
607 1836 716 1863 anticus
745 1839 772 1862 et
795 1834 914 1861 exterior
937 1834 1042 1860 alarum
1065 1833 1219 1860 anticarum
1243 1833 1405 1859 tenuissime
1428 1833 1515 1868 niger,
1538 1842 1588 1860 nec
1612 1833 1666 1859 late
1689 1833 1768 1869 niger
1791 1837 1821 1860 ut
1844 1833 1872 1860 in
1895 1834 1986 1870 specie
2010 1837 2170 1860 memorata.

250 1880 361 1907 Macula
396 1890 495 1915 magna
529 1877 707 1914 triangularis
741 1876 899 1907 rufo-fulva,
934 1875 961 1902 in
996 1874 1117 1902 maculas
1148 1874 1164 1901 8
1194 1874 1347 1910 elongatas,
1370 1878 1525 1901 extrorsum
1549 1874 1673 1901 obsolete
1697 1875 1868 1907 rotundatas,
1893 1885 1940 1911 per
1963 1878 2052 1901 costas
2076 1874 2172 1903 divisa.

250 1922 355 1959 apicem
390 1925 480 1948 totum
515 1921 668 1947 anticarum
703 1921 828 1955 occupat„
863 1922 889 1944 et
923 1927 937 1943 a
966 1916 1042 1943 disco
1076 1916 1139 1943 albo
1162 1925 1210 1952 per
1233 1915 1345 1943 fasciam
1370 1915 1455 1942 latam
1479 1919 1582 1942 rectam
1606 1916 1713 1951 nigram
1737 1916 1899 1952 sejungitur.
1945 1916 2013 1943 Haec
2037 1915 2120 1942 fascia
2144 1925 2172 1942 se

249 1963 374 1990 extendit
397 1974 411 1990 a
435 1962 559 1997 margine
582 1961 673 1988 antico
698 1970 783 1996 usque
806 1959 840 1986 ad
864 1958 1016 1994 marginem
1041 1958 1204 1984 exteriorem
1229 1957 1300 1984 inter
1322 1961 1412 1984 costas
1438 1957 1525 1986 1μ2,
1559 1967 1613 1993 qno
1637 1957 1696 1984 loco
1720 1967 1813 1984 versus
1836 1958 1989 1993 marginem
2013 1957 2171 1984 interiorem

249 2014 276 2032 se
301 2004 390 2036 vertit,
425 2007 455 2031 ut
479 2003 596 2039 angulus
619 2002 742 2039 posticus
766 2001 801 2028 sit
824 2000 907 2027 latius
930 2000 1016 2035 niger,
1040 2009 1122 2035 quam
1146 2008 1241 2034 margo
1265 1999 1383 2026 exterior
1411 2002 1475 2025 ante
1504 2002 1608 2025 costam
1639 1999 1738 2031 2:dam‚
1763 1999 1809 2026 ubi
1833 1999 1941 2026 macula
1964 1999 2038 2026 fulva
2062 1998 2171 2025 desinit.

250 2046 348 2082 Margo
371 2046 490 2072 exterior
513 2045 618 2072 alarum
642 2043 810 2080 posticarum
834 2042 889 2068 late
913 2041 999 2077 niger,
1023 2050 1071 2078 per
1093 2040 1199 2067 exitum
1222 2040 1333 2076 nigrum
1357 2044 1495 2067 costarum
1520 2040 1669 2067 introrsum
1693 2040 1831 2067 dentatus.
1877 2041 1938 2068 Alae
1972 2050 2067 2067 omnes
2101 2040 2170 2067 infra

248 2088 326 2119 albae,
350 2087 384 2114 ad
407 2087 485 2113 basin
508 2086 622 2122 glaucae,
647 2085 693 2121 qui
716 2084 791 2111 color
813 2083 895 2110 fascia
920 2083 1053 2118 angulata
1076 2082 1151 2109 fusca
1174 2091 1223 2118 per
1245 2082 1351 2109 discum
1375 2082 1481 2109 alarum
1505 2082 1659 2109 anticarum
1680 2082 1961 2114 ter1ui11atur,sedin
1981 2082 2095 2119 posticis
2114 2082 2171 2108 sine

249 2129 366 2156 termino
400 2128 532 2155 distincto
567 2128 593 2154 in
627 2126 747 2153 colorem
781 2124 1019 2152 fundamentalem
1053 2123 1155 2151 sensim
1190 2123 1296 2150 transit.
1341 2123 1385 2150 Ad
1420 2124 1501 2150 tinem
1536 2123 1642 2150 cellulae
1671 2123 1776 2150 alarum
1800 2124 1925 2150 omnium
1949 2123 2057 2150 macula
2080 2123 2172 2159 nigro-

248 2171 331 2203 fusca,
365 2170 393 2197 in
427 2169 526 2196 anticis
557 2167 714 2200 rotundata,
744 2167 771 2194 in
794 2166 909 2203 posticis
932 2166 1027 2193 lunata
1050 2170 1077 2192 et
1100 2165 1128 2192 in
1152 2165 1243 2192 medio
1266 2165 1460 2192 fulvo>notata
1506 2165 1591 2192 Extra
1615 2165 1743 2192 cellulam
1766 2165 1849 2192 series
1873 2165 2027 2192 communis
2050 2164 2170 2201 repanda

248 2212 418 2239 macularum
442 2211 580 2238 fus-carum
605 2210 620 2236 l.
645 2208 963 2243 fusco-fcrruginearum,
986 2207 1014 2234 in
1038 2207 1137 2234 anticis
1171 2206 1205 2233 ad
1240 2211 1345 2233 costam
1380 2208 1466 2234 52tam
1500 2207 1640 2241 angulata.
1686 2206 1805 2234 Maculae
1839 2216 1935 2234 omnes
1968 2216 2055 2234 caecae.
2101 2206 2169 2233 Haec

248 2253 330 2280 series
363 2262 411 2289 per
445 2252 581 2279 maculam
617 2255 808 2281 transversam,
843 2249 955 2280 fulvam,
991 2248 1234 2275 indeterminatam
1269 2248 1341 2274 inter
1374 2252 1464 2275 costas
1488 2248 1568 2275 3-8
1592 2248 1697 2275 alarum
1722 2248 1876 2275 antivarum
1900 2248 1998 2277 currit:
2022 2257 2091 2284 apex
2115 2247 2169 2274 late

248 2294 334 2326 albus,
358 2293 492 2320 flavedine
515 2292 588 2319 haud
611 2292 723 2318 tinctus.
769 2291 868 2318 Exitus
891 2294 1029 2317 costarum
1053 2289 1139 2325 niger,
1163 2289 1197 2316 ad
1221 2293 1311 2316 costas
1337 2290 1414 2316 1—3
1439 2289 1544 2316 alarum
1568 2290 1721 2316 anticarum
1741 2290 1856 2317 maculis
1875 2289 1969 2325 nigris,
1988 2292 2028 2315 sat
2052 2288 2168 2324 magnis.

248 2335 335 2362 oratis
358 2338 478 2361 notatus.
523 2334 622 2369 Margo
646 2333 754 2360 anticus
777 2332 882 2359 alarum
906 2332 1075 2369 posticarum
1099 2331 1133 2358 ad
1156 2331 1235 2357 basin
1258 2331 1351 2357 flavus.

971 2451 1045 2483 Gen.
1086 2453 1238 2482 DRYAS.
1283 2453 1392 2482 Rom».
1407 2456 1438 2489 '.)

853 2519 936 2559 (ΥΟ-γ.
961 2521 994 2548 de
1018 2521 1094 2548 l'Afr.
1119 2521 1212 2548 Austr.
1236 2531 1261 2558 p.
1286 2521 1381 2557 Deleg.
1406 2521 1443 2548 Il.
1468 2521 1550 2559 588).

245 2600 418 2636 Ameana>
458 2599 649 2635 breviores,
690 2604 898 2633 extrorsum
940 2597 1069 2632 sensim
1110 2597 1311 2639 crassiores,
1352 2602 1392 2631 ut
1430 2597 1531 2631 clava
1565 2596 1741 2642 elongata,
1783 2595 1879 2630 haud
1915 2595 2164 2635 determinata,

346 2659 444 2705 apice
472 2657 669 2692 rotundato
697 2656 885 2690 formetur.

286 2759 309 2795 ⁶)
333 2757 485 2784 Boisdzwal
507 2755 653 2792 diagnosin
676 2754 758 2791 hujus
780 2754 888 2790 generis
911 2753 1016 2780 nullam
1040 2753 1057 2780 1.
1081 2763 1101 2780 c.
1126 2753 1210 2785 dedit,
1235 2763 1284 2780 nec
1307 2753 1360 2780 alio
1384 2753 1444 2779 loco
1468 2757 1547 2779 notas
1563 2752 1798 2780 characteristic-as
1817 2753 1976 2790 reperimus,
1996 2756 2025 2779 ut
2043 2752 2163 2789 speciem

339 2802 461 2825 nostram
495 2797 547 2824 huc
582 2796 717 2833 pertinere
751 2795 830 2823 nobis
864 2795 999 2822 incertum
1033 2795 1077 2827 sit,
1112 2804 1194 2831 quare
1218 2798 1297 2822 notas
1321 2795 1470 2830 genericas,
1493 2803 1509 2820 a
1531 2794 1681 2831 specimine
1705 2798 1799 2821 nostro
1823 2798 1972 2826 mutuatas,
1995 2793 2040 2820 hic
2063 2803 2163 2830 propo-

337 2839 481 2867 snei-imus.

1979 2877 2075 2912 Palpi.
