2382 3361
801 319 1116 345 LEP1D0r⁷rERA
1150 319 1486 344 RHOPALOCERA.
2010 315 2052 347 19

192 395 222 428 2.
277 393 311 429 C.
328 392 464 440 florella
492 390 651 436 (Flu-m.)
680 392 743 427 alis
770 404 880 438 supra
907 392 1005 434 albis,
1034 392 1160 426 anticis
1187 397 1321 438 puncto
1349 392 1534 427 discoidali
1555 393 1674 438 nigr03
1695 394 1862 429 omnibus
1882 393 1975 429 infra
1997 395 2107 430 flavo-

289 452 424 497 griseis,
451 450 587 485 lineolis
615 450 842 491 abbreviatis,
868 449 1176 492 numerosissimis,
1198 450 1470 485 obscurioribus
1492 456 1699 497 punctoque
1720 451 1905 487 discoidali
1927 458 2106 499 argenteo,

291 507 492 543 rufo-fusco
522 507 788 542 circumcincto.
815 511 858 544 0⁷¹.

387 573 499 608 Papilio
515 572 625 607 florella
647 571 737 598 FABR.
781 571 812 598 E.
836 571 861 598 S.
886 571 938 598 III.
965 572 989 598 1.
1015 571 1081 598 213.
1107 571 1165 598 666
1188 568 1218 605 ῼ
1359 599 1362 602 ,

389 614 549 649 Callidryas
564 614 675 648 florella
697 613 799 640 BOISD.
843 613 888 649 Sp.
913 612 981 639 Gen.
1005 612 1026 639 I.
1051 612 1118 639 608.
1144 612 1168 639 2.
1193 613 1261 649 Voy.
1285 612 1318 640 de
1341 613 1418 640 l'Afr.
1442 613 1536 640 Austr.
1559 623 1609 650 par
1630 614 1727 650 Deleg.
1752 615 1788 642 II.
1813 615 1880 643 588.
1906 616 1952 643 33.

325 671 415 707 Hab.
443 671 478 705 in
507 669 691 706 Caffraria.
720 670 946 705 WAHLBERG.
1000 670 1059 705 Ad
1085 670 1239 706 Portum
1267 671 1386 707 Natal.
1415 671 1675 722 DELEGORGUE.

936 782 1009 813 Gen.
1054 784 1214 814 COLIAS.
1259 784 1362 813 FABR.

196 864 222 895 1.
276 859 311 896 C.
338 860 458 896 electra
485 858 610 904 (LIN.):
651 860 716 896 alis
750 873 861 907 supra
887 858 1095 895 rufo-fulvis
1124 861 1285 907 margine
1313 861 1384 896 late
1411 860 1521 903 fusco,
1550 862 1750 897 anticarum
1779 862 1978 897 introrsum
2007 862 2110 898 valde

290 919 443 961 sinuato,
477 917 618 953 feminae
653 917 968 961 fulvo-maculat03
1002 918 1129 954 anticis
1163 919 1304 953 macula
1332 919 1516 954 discoidaIi
1545 919 1663 966 nigra3
1696 920 1840 966 posticis
1867 921 1997 955 subtus
2024 920 2112 955 totis

293 976 525 1023 margineque
565 977 767 1011 anticarum
810 976 1077 1019 virescent-ibus,
1119 976 1171 1011 liis
1205 977 1295 1011 serie
1336 977 1623 1024 intraniarginali
1658 977 1884 1012 macularum
1918 977 2111 1020 fuscaruni,

292 1034 360 1069 illis
388 1034 537 1068 maculis
565 1036 584 1068 2
613 1034 878 1076 discoidalibus,
906 1034 1064 1076 minutis,
1092 1034 1308 1077 rotundatis,
1336 1035 1524 1081 argenteis.
1553 1031 1632 1071 <32

390 1099 503 1135 Papilio
527 1100 625 1126 electra
647 1099 712 1126 LIN.
756 1099 781 1126 S.
805 1099 840 1126 N.
866 1099 890 1126 2.
915 1099 975 1126 764
1001 1100 1067 1127 101.

390 1141 504 1176 Papilio
523 1141 632 1176 paloeno
655 1136 676 1173 ῼ
697 1140 791 1167 ΟΒΑΜ.
836 1140 905 1167 Uitl.
929 1140 1000 1177 Kap.
1024 1144 1042 1167 t.
1067 1141 1134 1168 340.
1158 1142 1202 1177 fig.
1226 1142 1258 1168 A.
1282 1141 1313 1168 B.

392 1182 484 1208 Golia-s·
507 1182 605 1208 electra
628 1181 730 1208 BOISD.
774 1181 818 1218 Sp.
843 1181 911 1208 Gen.
936 1181 957 1208 I.
981 1191 1006 1218 p.
1033 1182 1100 1209 637.
1125 1182 1151 1209 3.
1175 1183 1243 1219 Voy.
1267 1182 1300 1209 de
1323 1182 1399 1209 I'Asr.
1424 1183 1517 1210 Austr.
1543 1192 1592 1219 par
1614 1182 1711 1218 Deleg.
1736 1183 1773 1209 II.
1798 1182 1866 1210 588.
1890 1183 1936 1210 35.

327 1240 418 1275 Hab.
445 1240 456 1275 i
484 1239 667 1275 Caffraria.
698 1239 924 1275 WAHLBERG.
978 1240 1036 1274 Ad
1064 1239 1217 1275 Portum
1245 1240 1363 1275 Natal.
1392 1240 1652 1276 DELEGORGUE.

919 1352 992 1383 Gen.
1038 1353 1200 1383 TERIAS.
1245 1354 1386 1383 SWAms.

995 1410 1164 1451 (Xantln'dia
1187 1411 1306 1452 BOISD.)

197 1482 226 1515 1.
282 1480 320 1515 T.
348 1481 458 1516 drona
485 1478 667 1524 (HORSF.):
707 1480 771 1515 alis
805 1480 886 1515 Iaete
913 1479 1026 1523 flavis,
1054 1493 1163 1526 supra
1191 1480 1235 1515 ad
1263 1481 1364 1516 basin
1392 1480 1522 1515 atomis
1549 1480 1676 1527 nigris;
1713 1480 1839 1515 anticis
1867 1492 1976 1527 supra
2002 1480 2114 1515 limbo

295 1539 377 1580 lato,
405 1539 517 1584 nigro,
545 1538 743 1573 introrsum
771 1537 1004 1580 denticulato,
1032 1539 1230 1585 marginem
1258 1539 1428 1581 anticum,
1457 1539 1594 1585 apicem
1619 1544 1656 1573 et
1677 1538 1874 1585 marginem
1896 1538 2115 1573 exteriorem

294 1602 509 1643 occupante;
542 1596 689 1643 posticis
721 1608 830 1642 supra
862 1596 898 1630 in
931 1595 1093 1642 margine
1120 1596 1258 1642 postico
1285 1597 1396 1631 limbo
1424 1595 1586 1642 ejusdem
1614 1595 1752 1638 coloris,
1781 1595 1825 1630 ad
1853 1596 2027 1642 angulum
2055 1608 2115 1631 an-

295 1655 408 1689 ticum
436 1654 626 1696 latissimo;
654 1654 821 1688 omnibus
847 1652 941 1688 infra
969 1654 1227 1700 pallidioribus,
1248 1655 1393 1701 posticis
1414 1654 1458 1689 ad
1480 1653 1581 1688 basin
1602 1659 1637 1688 et
1657 1653 1702 1688 ad
1722 1654 1919 1700 marginem
1934 1653 2114 1700 posticum

294 1712 437 1759 punctis
478 1711 725 1746 minutissimis
764 1711 875 1758 nigris
909 1711 1104 1758 strigisque
1134 1714 1153 1746 2
1183 1712 1375 1759 parallellis
1402 1711 1676 1754 rufescentibus‚
1705 1712 1875 1746 interiore
1901 1712 2114 1757 interrupta,

293 1769 491 1815 posteriore
518 1769 736 1804 abbreviata.
762 1773 805 1808 0⁷⁴.

396 1835 493 1862 Tem'as
520 1834 756 1904 gss‘gyza37H0RsF.
801 1835 856 1862 Ins.
890 1835 956 1872 Lep.
990 1835 1021 1862 of
1051 1835 1111 1862 Iud.
1147 1836 1243 1872 Comp.
1278 1835 1315 1862 II.
1349 1844 1374 1872 p.
1407 1835 1473 1862 137.
1503 1836 1549 1862 64.
1580 1838 1597 1862 t.
1624 1836 1648 1862 1.
1672 1835 1689 1862 s.
1715 1835 1760 1862 13.
1805 1834 1907 1862 B01sn.
1931 1834 1976 1871 Sp.
2000 1834 2068 1862 Gen.
2093 1834 2113 1861 I.

330 1934 419 1969 Hab.
447 1935 483 1969 in
510 1933 693 1970 Caffraria.
725 1934 951 1970 WAHLBERG.

199 2030 228 2062 μ’,

285 2026 323 2061 T.
342 2038 399 2061 coe
427 2024 649 2070 (HOPFFER):
676 2027 740 2061 alis
767 2026 1108 2074 albido-sulphureis
1126 2028 1255 2062 atomis
1277 2027 1388 2074 nigris
1408 2026 1515 2062 dense
1531 2026 1718 2073 adspersis,
1734 2026 1860 2061 anticis
1874 2038 1983 2072 supra
2002 2025 2112 2060 limbo

296 2085 380 2127 lato,
413 2082 644 2130 nigro-fusco,
672 2084 871 2119 introrsum
898 2084 1131 2127 denticulato,
1158 2085 1356 2132 marginem
1385 2085 1554 2127 anticum,
1587 2085 1722 2131 apicem
1755 2083 2026 2130 marginemque
2054 2095 2115 2117 ex-

297 2142 467 2177 teriorem
494 2148 702 2188 occupante,
731 2141 793 2176 sed
821 2147 904 2176 ante
932 2142 1106 2187 angulum
1134 2144 1314 2189 posticum
1341 2143 1496 2188 abrupte
1523 2142 1723 2184 desinente3
1755 2140 1901 2187 posticis
1915 2153 2041 2187 *supra
2069 2140 2114 2175 ad

298 2199 471 2246 angulum
500 2199 659 2234 anticum
686 2200 759 2234 late
786 2198 982 2234 infuscatis.
1011 2202 1042 2237 ῼ.

398 2266 494 2292 Terias
517 2275 562 2292 zoe
584 2265 734 2292 HOPFFER.
779 2264 948 2292 Monatsber.
972 2264 1020 2292 der
1042 2265 1134 2292 Preus.
1158 2265 1243 2292 Acad.
1267 2265 1292 2293 d.
1316 2265 1397 2292 Wiss.
1420 2275 1441 2292 z.
1464 2264 1537 2292 Berl.
1563 2264 1649 2292 1855.
1673 2273 1698 2301 p.
1724 2264 1790 2291 640.
1814 2273 1839 2290 u.
1864 2264 1889 2291 5.

333 2322 423 2358 Hab.
452 2324 486 2358 in
515 2322 699 2359 Caffraria.
747 2323 972 2358 WAHLBERG.

334 2397 432 2424 Descr.
468 2398 498 2424 T.
522 2398 635 2432 brigyittoe
658 2396 768 2424 feminae
796 2397 939 2424 simillima
968 2400 995 2424 et
1023 2397 1190 2424 varietatem
1209 2396 1268 2433 ejus
1290 2396 1476 2428 credidissem,
1500 2396 1553 2423 nisi
1576 2396 1663 2423 forma
1686 2396 1793 2423 alarum
1816 2395 1970 2422 anticarum
1993 2394 2115 2422 obstitis-

201 2442 249 2464 set.
294 2437 393 2474 Margo
416 2448 516 2475 nempe
539 2438 659 2465 exterior
681 2442 780 2470 rectus,
804 2441 835 2465 ut
858 2448 927 2475 apex
950 2441 977 2465 et
1000 2438 1117 2474 angulus
1141 2438 1263 2474 posticus
1286 2438 1341 2465 sint
1365 2438 1454 2465 multo
1477 2438 1566 2474 magis
1589 2437 1671 2470 acuti,
1695 2446 1777 2473 quam
1800 2437 1829 2464 in
1847 2436 1936 2473 specie
1954 2439 2114 2463 memorata.

202 2479 262 2506 Alae
296 2480 409 2516 posticae
442 2484 506 2507 sunt
540 2480 624 2507 etiam
647 2479 738 2506 minus
762 2479 926 2506 rotundatae.
971 2479 1054 2507 Color
1077 2479 1182 2506 albido—
1204 2479 1219 2506 l.
1244 2479 1347 2516 pallide
1370 2479 1543 2516 sulphureus,
1566 2479 1650 2506 dense
1673 2478 1919 2514 nigro-atomatus;
1943 2478 1994 2505 alae
2017 2477 2115 2504 anticae

202 2520 237 2547 ad
260 2521 412 2556 marginem
435 2521 566 2553 anticum,
590 2521 696 2558 apicem
720 2524 747 2548 et
775 2521 928 2557 marginem
956 2521 1120 2548 exteriorem
1148 2520 1203 2547 late
1232 2521 1415 2556 nigro-fuscae.
1460 2520 1593 2548 Latitudo
1617 2523 1644 2546 et
1666 2519 1754 2547 forma
1776 2519 1859 2556 hujus
1881 2519 1981 2546 coloris
2003 2518 2115 2546 omnino

204 2565 233 2588 ut
257 2561 285 2588 in
311 2562 341 2589 T.
365 2564 461 2595 drona,
485 2563 532 2590 sed
555 2562 589 2590 ad
613 2566 717 2590 costam
743 2562 833 2589 21dam
857 2562 973 2598 abrupte
997 2562 1105 2594 -esinit,
1138 2564 1168 2588 ut
1196 2562 1314 2598 angulus
1338 2562 1389 2589 alae
1411 2562 1533 2598 posticus
1557 2561 1647 2588 colore
1670 2560 1749 2588 fundi
1772 2561 1808 2588 sit
1831 2563 1953 2592 ornatus,
1976 2563 2003 2587 et
2026 2559 2115 2586 exitus

204 2606 287 2630 costa:
310 2603 407 2640 primae
429 2607 539 2631 tantum
562 2604 723 2631 infuscatus.
768 2604 830 2631 Alae
853 2604 967 2640 posticae
990 2606 1099 2631 tantum
1122 2602 1157 2630 ad
1180 2603 1314 2639 angulum
1337 2603 1460 2630 anticum
1483 2603 1635 2635 infuscatae,
1653 2601 1701 2629 sed
1719 2602 1803 2629 latius
1821 2611 1904 2638 quam
1922 2602 1950 2628 in
1970 2602 2001 2628 T.
2020 2602 2115 2632 drona,

203 2648 230 2671 et
264 2644 339 2671 color
371 2644 417 2672 ille
450 2645 484 2673 ad
518 2645 641 2673 medium
673 2645 804 2681 marginis
838 2645 981 2672 exterioris
1015 2644 1125 2672 desinit.
1170 2644 1318 2680 Signatura
1352 2645 1461 2681 paginae
1496 2644 1632 2671 inferioris
1666 2647 1706 2670 est
1730 2643 1842 2670 omnino
1866 2647 1896 2670 ut
1919 2643 1947 2670 in
1974 2643 2004 2670 T.
2028 2643 2115 2669 drona

204 2689 229 2712 et
264 2686 381 2721 briqz'tta,
415 2686 463 2713 sed
496 2687 584 2714 multo
617 2687 706 2723 magis
739 2686 864 2714 obsoleta
897 2690 924 2713 et
957 2686 1106 2722 strigarum
1134 2685 1332 2713 rufescentium
1362 2686 1510 2722 vestigium
1534 2685 1608 2712 haud
1630 2685 1728 2712 ullum.
1773 2684 1845 2712 Gilia
1868 2688 1898 2711 ut
1921 2684 1949 2711 in
1971 2682 2114 2720 speciebus

205 2727 372 2754 memoratis.

207 2811 238 2845 3.
294 2810 332 2845 T.
348 2810 507 2857 florieola
534 2809 705 2856 (BOISD.):
732 2812 797 2847 alis
824 2812 936 2854 flavis,
969 2811 1095 2847 anticis
1128 2824 1236 2858 supra
1262 2811 1372 2846 limbo
1399 2810 1564 2845 tenuiore
1590 2810 1704 2857 nigro,
1731 2810 1929 2844 introrsum
1956 2806 2118 2842 denticu-

306 2869 389 2911 lato,
428 2868 562 2915 apicem
603 2874 638 2904 et
677 2870 874 2917 marginem
915 2869 1132 2905 exteriorem
1174 2875 1386 2916 occupante3
1412 2868 1558 2916 posticis
1585 2880 1694 2915 supra
1720 2867 1880 2914 margine
1906 2864 2117 2900 tenuissimo
