2382 3361
792 314 1100 338 LEPIDOPTERA
1138 314 1472 338 RHOPALOCERA.
1994 306 2039 338 45

174 386 221 413 ubi
254 396 311 414 mas
343 389 384 413 est
413 387 513 414 fuscus.
558 385 619 413 Alae
642 394 737 412 omnes
760 385 827 412 infra
853 385 965 412 omnino
989 389 1019 412 ut
1042 385 1069 411 111
1093 385 1184 422 specie
1206 385 1393 421 pra-cedentc3
1428 384 1503 411 color
1525 384 1603 411 fundi
1627 384 1700 421 apud
1723 394 1821 411 marem
1845 384 1970 411 nonnihil
1995 384 2091 412 obscu-

173 427 235 460 rior,
269 428 324 455 fere
358 437 519 464 purpureus.
565 426 636 454 Cilia
670 426 775 454 alarum
810 427 964 454 anticarum
994 426 1170 459 albescentia,
1199 426 1367 463 postiearum
1392 426 1465 462 apud
1489 435 1593 453 marem
1616 426 1692 453 fusca
1715 426 1762 453 scd
1787 425 1860 463 apud
1884 425 2014 452 feminam
2039 426 2090 452 ful-

174 469 318 497 vescentia.

937 572 1166 602 SPINDASIS.
1200 582 1227 601 n.
1261 582 1324 610 gen.

171 652 340 686 Antemzce
374 657 581 686 extrorsum
616 650 746 686 sensim
782 650 984 691 crassiores,
1018 650 1157 684 clavam
1186 648 1421 692 fusiformem,
1457 649 1552 684 baud
1580 649 1788 684 distinctam
1818 652 2089 687 constituentes.

170 718 272 765 Palpi
305 718 498 759 breviores,
538 716 803 763 longitudinem
832 716 957 763 capitis
986 715 1146 750 nonnihil
1174 721 1394 762 superantes.
1448 714 1603 751 Articuli
1633 718 1653 751 2
1683 717 1820 752 basales
1849 724 1904 752 sat
1929 718 2089 764 graciles,

270 783 367 810 arcte
396 775 588 821 conjuncti,
616 775 804 821 squamati,
832 774 977 808 minime
1006 773 1124 819 pilosi3
1164 773 1339 808 articulus
1367 773 1516 808 ultimus
1544 773 1673 816 nudus,
1702 775 1934 822 gracillimus,
1963 788 2089 811 versus

268 833 403 880 apicem
432 839 649 875 attenuatus,
677 832 830 867 articulo
859 830 1073 866 intermedio
1101 831 1218 866 multo
1247 831 1401 866 brevior.

169 899 278 934 Pedes
305 899 526 946 graciliores;
558 898 696 933 femora
723 899 819 933 tibiis
847 898 1018 944 longiora.

170 963 297 1011 Corpus
337 978 508 1007 crassum,
549 965 614 1000 alis
652 965 797 1011 posticis
830 964 947 998 multo
980 963 1136 998 brevius.
1191 961 1309 1010 Caput
1336 964 1708 1010 squamam-pilosum.
1763 964 1909 1000 Thorax
1937 977 2086 1004 crassus,

268 1023 423 1069 scapulis
452 1022 546 1057 haud
575 1022 761 1057 distinctis.

168 1088 266 1125 Oculi
296 1088 393 1123 nudi.

165 1155 243 1190 Αἶα)
283 1156 410 1189 antica}
451 1160 577 1198 acutae,
617 1154 772 1190 formam
812 1154 886 1190 fere
925 1154 1066 1201 generis
1105 1153 1341 1201 praecedentis
1375 1153 1516 1195 habent⁷
1551 1154 1613 1189 sed
1642 1155 1840 1201 marginem
1869 1156 2085 1191 exteriorem

262 1219 395 1259 gerunt
435 1219 586 1248 rectum.
640 1213 718 1247 Alae
759 1213 906 1260 postica}
948 1211 1145 1258 marginem
1184 1211 1366 1246 internum
1395 1224 1520 1246 versus
1548 1212 1722 1258 angulum
1751 1213 1808 1247 ani
1836 1213 1998 1247 nonnihil
2026 1226 2086 1248 ex-

264 1271 387 1312 cisum,
415 1276 450 1305 et
476 1271 675 1318 marginem
704 1271 919 1305 exteriorem
948 1269 1182 1304 bicaudatum
1210 1275 1354 1315 gerunt.
1408 1268 1542 1304 Caudae
1569 1270 1730 1316 graciles.

165 1335 272 1373 Coslce
304 1337 445 1372 alarum
481 1343 522 1372 ut.
555 1338 590 1371 in
618 1349 748 1384 genere
776 1336 1010 1383 praecedente,
1046 1335 1108 1370 sed
1139 1342 1238 1370 costa
1269 1337 1361 1370 Tana
1388 1336 1527 1370 alarum
1555 1337 1757 1371 antio-arum
1788 1336 1974 1379 bifurcata.
2004 1350 2084 1371 cum

263 1401 362 1430 costa
392 1396 463 1430 62ta
490 1407 535 1429 ex
565 1394 690 1430 eodem
718 1395 797 1429 loco
826 1394 975 1440 (angulo
1004 1393 1123 1428 antico
1151 1390 1306 1437 cellulae)
1335 1393 1531 1440 egrediens.

168 1502 195 1534 l.
235 1499 270 1535 S.
298 1500 492 1535 masililcazi
518 1513 550 1535 n.
579 1512 629 1546 sp.
663 1500 727 1535 alis
760 1498 853 1533 infra
886 1498 1255 1540 albescente—flavidis,
1293 1499 1368 1533 basi
1400 1499 1598 1539 maculatis,
1634 1497 1751 1534 fasciis
1779 1498 2034 1534 diseoidalibus
2064 1501 2082 1533 2

262 1559 477 1593 transversis
518 1557 857 1604 nigro-marginatis,
897 1557 1244 1603 argenteo-signatis,
1285 1556 1400 1591 altera
1432 1556 1467 1590 in
1500 1556 1646 1603 posticis
1680 1557 2082 1603 interi-upto-angulata⁷

261 1616 376 1651 altera
404 1617 623 1658 abbreviata,
660 1616 831 1661 lineisque
862 1616 880 1649 2
910 1614 1291 1660 intra—marginalibUS,
1319 1614 1508 1660 parallelis,
1537 1615 1663 1661 nigris3
1697 1615 1843 1661 posticis
1871 1627 1980 1661 supra
2008 1627 2083 1649 cae-

260 1674 539 1716 rulescentibus,
584 1674 717 1720 angulo
758 1673 816 1707 ani
856 1672 1092 1714 fulvescente,
1146 1672 1288 1719 punctis
1331 1674 1349 1706 2
1391 1672 1517 1718 nigris,
1569 1671 1712 1707 sordide
1753 1678 1923 1719 argenteo
1963 1672 2082 1706 tinctis

262 1733 433 1778 utrinque
460 1738 596 1768 notato.
648 1731 760 1777 Long.
788 1731 831 1765 al.
859 1743 938 1777 exp.
968 1731 1113 1765 30-35
1143 1730 1280 1764 millim.

313 1799 413 1834 Mas.-
453 1799 517 1833 alis
556 1798 682 1833 anticis
722 1810 832 1844 supra
873 1797 981 1832 fuscis
1023 1797 1164 1831 macula
1204 1802 1308 1831 extra.
1343 1797 1507 1831 cellulam
1546 1797 1684 1831 minuta
1711 1796 1820 1839 fulva,
1849 1796 2081 1842 marginequc

261 1858 402 1892 interno
429 1857 500 1892 late
528 1856 704 1891 caeruleo.

311 1923 475 1958 Femina:
503 1923 568 1958 alis
595 1923 722 1957 anticis
750 1935 861 1968 supra
887 1921 997 1956 fuscis
1025 1921 1168 1955 macula
1196 1921 1356 1956 cellulari
1387 1921 1599 1967 maculaque
1627 1928 1732 1955 extra
1756 1920 1921 1955 cellulam
1942 1919 2078 1965 majore

259 1981 375 2016 antice
402 1980 513 2016 bifida
540 1980 663 2023 fulvis;
692 1981 853 2027 margine
881 1980 1022 2015 interno
1050 1979 1122 2014 late
1150 1979 1423 2014 caerulescente.

292 2055 384 2090 Hab.
412 2055 447 2090 in
475 2054 660 2091 Caffraria.
715 2054 941 2089 WAuLssEnG.

293 2138 390 2165 Descr.
434 2138 465 2165 S.
487 2139 599 2165 vulcano
622 2137 686 2164 LIN.
731 2134 828 2175 (Etolo
851 2137 945 2163 CRAM.
969 2139 988 2163 t.
1014 2135 1080 2163 208.
1104 2135 1121 2162 f.
1145 2135 1176 2162 E.
1200 2134 1246 2173 F.)
1270 2138 1342 2162 certe
1366 2135 1463 2167 affinis,
1487 2135 1533 2162 sed
1557 2134 1671 2162 minime
1695 2134 1753 2171 ejus
1776 2134 1901 2162 varietas.

292 2196 365 2222 filas.
410 2195 470 2222 Alae
493 2195 592 2222 anticae
615 2204 697 2231 supra
720 2194 812 2226 fuscae,
841 2193 876 2220 ad
899 2193 977 2220 basin
1000 2185 1041 2220 etx
1050 2193 1203 2229 marginem
1227 2192 1366 2220 internum
1390 2193 1531 2224 caeruleae,
1560 2192 1606 2228 qui
1629 2192 1704 2219 color
1733 2193 1760 2219 in
1784 2192 1912 2219 cellulam
1936 2192 2025 2219 antice
2049 2201 2076 2219 se

158 2236 296 2268 extendit3
331 2240 407 2264 extra
441 2236 569 2263 cellulam
603 2235 711 2263 macula
744 2235 816 2262 inter
846 2239 936 2262 costas
965 2235 1046 2262 4-6
1075 2234 1262 2271 subquadrata
1285 2238 1324 2261 sat
1351 2234 1458 2261 minuta
1481 2234 1566 2261 adest,
1611 2234 1671 2261 Alae
1694 2234 1808 2271 posticze
1831 2243 1913 2270 supra
1936 2233 2077 2261 caeruleae.

158 2279 230 2305 intra
263 2278 416 2314 marginem
450 2278 613 2305 exteriorem
648 2277 760 2304 fasciam
795 2276 909 2303 obscure
943 2276 1102 2305 violaceam,
1136 2279 1163 2302 et
1197 2275 1269 2302 inter
1298 2276 1373 2302 illam
1402 2279 1429 2302 et.
1453 2275 1615 2311 marginem,
1647 2275 1808 2302 tenuissime
1832 2275 1950 2311 nigrum,
1974 2275 2075 2301 lineam

157 2319 259 2356 pallide
293 2320 454 2352 caeruleam,
488 2319 578 2346 antice
612 2322 821 2345 evanescentem
850 2322 957 2353 gerunt.
1003 2317 1132 2353 Angulus
1155 2317 1200 2343 ani
1224 2317 1386 2346 fulvescens,
1409 2317 1519 2353 punctis
1544 2317 1560 2343 2
1585 2316 1679 2352 nigris,
1703 2317 1765 2353 plus
1788 2316 1880 2343 minus
1904 2316 2012 2343 sordide
2036 2325 2076 2342 ar-

157 2361 264 2397 genteis
297 2364 418 2388 notatus
463 2360 566 2388 Caudae
589 2360 684 2396 nigrae,
718 2359 777 2387 basi
800 2359 890 2391 fulvae,
920 2359 996 2396 apice
1020 2359 1097 2386 albae.
1143 2359 1176 2385 A}
1190 2370 1203 2385 e
1227 2368 1322 2385 omnes
1345 2358 1415 2385 infra
1438 2357 1724 2390 albescente—flavidae,
1748 2358 1864 2385 maculis
1887 2357 1983 2385 baseos
2006 2357 2077 2393 ejus-

157 2402 221 2429 dem
250 2402 348 2430 coloris
378 2402 504 2439 plurimis
533 2401 714 2433 difformibus,
748 2401 802 2428 late
836 2400 1092 2436 nigro-marginatis
1126 2404 1243 2431 notatam
1278 2403 1355 2427 extra
1388 2399 1437 2426 has
1466 2399 1587 2426 maculas
1611 2399 1694 2426 fascia
1717 2399 1835 2426 occurrit
1859 2398 2075 2435 nigro-limbatzu

157 2453 218 2480 quae
251 2453 299 2480 per
332 2444 454 2471 medium
488 2444 560 2471 linea
594 2446 725 2478 argentea
758 2445 884 2474 notatur3
918 2441 977 2469 lnce
1005 2441 1098 2473 fascia,
1132 2441 1218 2468 fundo
1242 2441 1378 2473 concolor,
1401 2441 1429 2468 in
1453 2441 1504 2467 alis
1527 2440 1640 2477 posticis
1663 2449 1748 2477 prope
1771 2441 1905 2476 angulum
1928 2440 1973 2467 ani
1996 2439 2075 2467 valdc

157 2485 289 2520 angulata
322 2489 349 2512 et
378 2485 416 2512 ibi
444 2485 612 2522 interrupta;
647 2487 723 2511 extra
747 2483 817 2510 hanc
840 2483 953 2510 fasciam
976 2483 1060 2510 fascia
1083 2482 1169 2509 altera
1193 2482 1315 2518 ejusdem
1339 2482 1447 2513 eoloris,
1471 2482 1517 2508 sed
1541 2482 1568 2508 in
1592 2482 1642 2508 alis
1665 2481 1779 2518 posticis
1802 2481 1836 2508 ad
1860 2485 1965 2509 costam
1989 2482 2074 2508 5:ta1n

157 2525 292 2558 desinens,
326 2530 402 2554 tenet
435 2526 533 2553 locum.
578 2525 621 2553 Ad
657 2525 809 2561 marginem
843 2524 966 2551 anticum
999 2524 1106 2551 alarum
1129 2524 1282 2550 anticarum
1306 2523 1407 2550 adsunt
1429 2523 1579 2558 sig-naturae
1603 2523 1630 2555 3,
1653 2523 1744 2549 fasciis
1768 2523 1934 2555 concolores,
1958 2532 2072 2559 quarum

156 2567 321 2594 intermedia
343 2568 494 2600 fasciolam,
520 2568 592 2595 inter
615 2571 704 2594 costas
728 2567 809 2593 3—4
832 2565 1012 2598 desinentem,
1036 2568 1062 2592 et
1086 2565 1198 2601 reliqu-(e
1221 2565 1343 2591 maculas
1367 2564 1395 2591 in
1418 2564 1541 2600 margine
1565 2564 1624 2600 ipso
1648 2564 1829 2591 constituunt.
1874 2564 1952 2591 Intra
1975 2563 2074 2599 margi-

156 2618 220 2635 nem
253 2611 397 2636 externum
430 2609 510 2636 Iineae
545 2609 562 2636 2
593 2608 732 2645 parallelae
756 2607 944 2639 observantur,
968 2616 1029 2643 qum
1052 2606 1081 2633 111
1103 2606 1154 2633 alis
1177 2606 1276 2633 enticis
1299 2608 1363 2633 sunt
1387 2605 1481 2641 nigrae,
1504 2605 1552 2632 sed
1574 2605 1603 2632 in
1625 2605 1740 2642 posticis
1763 2605 1861 2637 fuscoe;
1884 2605 1957 2632 linea
1980 2608 2073 2632 tamen

156 2650 204 2677 illa
226 2653 339 2677 externa
362 2650 468 2677 alarum
490 2650 659 2687 posticarum
683 2659 776 2677 versus
800 2649 933 2685 angulum
956 2648 1001 2675 ani
1025 2657 1198 2680 evanescens,
1232 2650 1259 2674 et
1282 2647 1390 2674 iuterna
1412 2647 1452 2674 ibi
1474 2647 1529 2674 late
1553 2646 1627 2674 fulva
1650 2650 1677 2673 et
1700 2646 1810 2674 sordide
1833 2650 1971 2682 argentea,
2002 2646 2072 2673 linea

156 2691 204 2718 illa
237 2691 345 2718 interna
378 2691 483 2718 alarum
517 2691 671 2719 antiearum
694 2700 708 2718 e
732 2691 839 2718 macula
858 2690 916 2727 jam
940 2689 1077 2726 descripta
1101 2689 1196 2716 oritur.
1241 2688 1368 2724 Aug-ulus
1391 2688 1436 2715 ani
1460 2691 1490 2715 ut
1513 2698 1595 2725 supra
1618 2691 1721 2725 puncta
1746 2688 1762 2715 2
1786 2688 1872 2724 nigra,
1898 2687 1945 2714 sed
1969 2687 2071 2723 majora

155 2733 234 2768 gerit.
279 2733 378 2768 Margo
401 2733 458 2769 ipsc
482 2733 600 2760 exterior
622 2733 726 2760 alarum
750 2732 875 2759 omnium
898 2731 969 2758 linea
993 2731 1072 2767 nigra
1094 2733 1214 2757 notatur.

290 2791 401 2818 Femina
429 2791 498 2818 mari
526 2791 632 2823 similis,
666 2790 714 2818 sed
737 2790 788 2817 alae
810 2789 910 2817 anticae
933 2788 1070 2816 maculam
1094 2787 1257 2824 quadratam
1280 2787 1384 2814 fulvam
1408 2787 1436 2814 111
1459 2787 1566 2819 cellula,
1590 2791 1617 2814 et
1640 2787 1776 2814 maculam
1800 2787 1914 2814 alteram
1939 2785 2069 2822 majorem

155 2831 278 2868 ejusdem
310 2832 408 2859 coloris
431 2838 458 2859 et
481 2832 571 2859 autice
593 2831 728 2868 profunde
753 2831 864 2859 bifidam
887 2835 965 2858 extra
988 2829 1115 2857 cellulam
1139 2839 1221 2866 supra
1243 2832 1351 2865 gerunt.
1396 2828 1456 2855 Alae
1479 2828 1578 2856 anticae
1601 2829 1718 2861 macula,
1750 2838 1763 2855 c
1787 2838 1839 2865 qua
1863 2828 1934 2855 linea
1958 2831 2070 2854 externa

155 2873 389 2910 intramarginalis
413 2874 440 2901 in
463 2873 564 2910 pagina
586 2873 713 2900 inferiore
737 2873 832 2905 oritur,
855 2873 936 2910 plane
959 2874 1060 2899 carent.
