2382 3361
836 313 1149 338 LEPIDOPTERA
1183 314 1520 339 RHOPALOCERA.
2067 319 2075 341 1

949 381 1022 412 Gen.
1045 383 1192 412 PIERIS.
1227 383 1401 412 SCHRANK.

218 460 246 493 1.
288 459 328 494 P.
355 460 519 506 ayatlzina
546 458 711 505 (CRAM.):
751 459 817 494 alis
851 472 962 506 supra
996 459 1093 501 albis,
1128 460 1289 506 margine
1324 461 1442 495 antico
1470 461 1640 508 apiccque
1668 462 1869 497 anticarum
1900 464 2132 510 inargineque

313 518 494 552 exteriore
522 519 682 552 omnium
713 517 862 552 maculis
890 517 1095 552 rotundatis
1124 518 1236 564 nigris·
1264 519 1413 560 notatis3
1441 519 1568 553 anticis
1596 518 1687 554 infra
1714 519 1760 554 ad
1788 520 1887 555 basin
1917 527 1952 556 et
1978 521 2012 555 in
2035 522 2133 568 apice

313 574 432 618 fulvis⁷
459 575 604 622 posticis
631 575 743 616 flavis,
770 575 931 609 omnium
961 576 1122 619 margine
1149 576 1327 610 exteriore
1356 577 1668 622 nigro-maculato.

410 642 521 677 Papilio
544 641 670 676 ayatlzina
694 639 787 667 CRAM.
832 640 901 667 Uitl.
926 640 996 677 Kap.
1020 642 1038 666 t.
1064 640 1130 667 237.
1154 641 1198 675 fig.
1224 640 1255 667 D.
1280 641 1310 668 E.

408 683 501 709 Pieris
524 682 651 717 (machina
673 682 775 709 Bolsn.
820 682 864 718 Sp.
889 682 956 709 Gen.
981 682 1002 708 I.
1027 683 1094 709 511.
1121 682 1187 709 106.
1233 682 1300 719 Yoy.
1324 682 1358 709 de
1380 682 1458 710 l'Afr.
1481 683 1575 710 Austr.
1599 692 1623 719 p.
1648 683 1744 719 Deleg.
1768 684 1804 711 II.
1829 684 1896 711 586.
1923 685 1968 712 17.

347 757 438 792 Hab.
467 757 500 791 in
530 755 715 791 Caffraria.
773 755 996 791 WAHLBERG.
1050 756 1107 790 Ad
1136 756 1288 792 Portum
1316 756 1434 792 Natal.
1487 757 1746 793 DELEGORGUE.

213 858 242 890 2.
282 856 321 891 P.
341 855 448 902 piyea
469 854 648 900 ¹(ssfflsn.):
683 856 748 891 alis
782 856 909 891 anticis
943 856 1114 901 utrinque
1142 857 1239 899 albis,
1275 857 1426 891 maculis
1454 857 1713 903 marginalibus
1740 859 1888 894 minutis
1916 860 2129 906 maculaque

309 913 506 948 rotundata
546 914 640 948 intel·
681 919 798 949 costas
840 915 936 948 3—4
977 915 1105 960 nig1·is;
1145 914 1290 961 posticis
1318 915 1425 949 maris
1453 915 1624 961 utrinque
1653 916 1750 958 albis,
1782 916 1929 964 semime
1957 918 2129 963 utrinqne

310 972 499 1014 ochi-aceis,
529 973 619 1006 serie
646 979 865 1018 punctorum
893 972 1083 1018 nigrorum
1111 973 1147 1006 in
1175 972 1282 1014 disco,
1310 985 1421 1019 supra
1449 973 1718 1008 obsoletiorum.

405 1038 498 1065 Pieris
517 1039 601 1073 piffea
624 1037 726 1065 BOISD.
770 1038 815 1074 Sp.
839 1037 908 1064 Gen.
932 1037 953 1064 I.
977 1037 1045 1064 523.
1072 1037 1137 1064 124.
1182 1037 1251 1074 Voy.
1275 1037 1308 1064 de
1332 1037 1408 1064 l'Afr.
1433 1038 1526 1065 Austr.
1550 1048 1599 1075 par
1621 1038 1716 1074 Deleg.
1741 1039 1778 1066 II.
1803 1040 1870 1067 586.
1895 1040 1942 1068 22.

343 1112 434 1148 Hab.
462 1113 497 1147 in
526 1109 708 1147 Caffraria.
763 1111 991 1146 WAHLBERG.
1045 1112 1085 1146 In
1114 1111 1227 1146 Terra
1254 1112 1525 1147 Amazulorum.
1579 1113 1837 1149 DnLnGonGUn.

341 1195 519 1230 Quamquam
549 1193 705 1230 descriptio,
740 1203 755 1220 a
783 1194 956 1221 BorsDUVAL
980 1193 996 1220 l.
1020 1203 1041 1220 c.
1065 1193 1138 1223 data.
1174 1194 1201 1220 111
1224 1197 1317 1220 nostra
1340 1194 1492 1230 specimina
1515 1203 1570 1221 non
1593 1195 1706 1222 0111111110
1730 1195 1855 1231 quadrat,
1889 1197 2008 1233 speciem
2032 1200 2125 1224 tamen

206 1236 321 1263 eandem
356 1245 413 1262 esse
448 1235 613 1272 putavimus.
658 1235 700 1262 De
734 1235 850 1262 maculis
884 1235 1082 1271 marginalibus
1112 1235 1197 1270 nigris
1227 1235 1396 1262 mentionem
1419 1235 1525 1262 nullam
1547 1235 1612 1262 fecit
1635 1236 1742 1263 Auctor
1764 1240 1791 1263 et
1814 1238 1953 1273 specimen
1977 1238 2126 1265 femineum

206 1282 332 1305 nostrum
355 1277 493 1304 maculam
516 1277 624 1312 nigram
647 1280 757 1304 tantum
781 1277 891 1304 unicam
914 1276 943 1303 in
966 1276 1042 1303 disco
1065 1276 1175 1312 paginae
1198 1276 1334 1303 inferioris
1357 1276 1463 1303 alarum
1487 1277 1641 1304 anticarum
1665 1278 1744 1313 gerit.
1790 1278 1908 1306 Macnlae
1922 1279 1977 1306 illae
1991 1280 2127 1315 margina-

206 1319 245 1346 les
273 1318 352 1346 valde
375 1319 490 1350 variant,
525 1321 555 1345 ut
577 1317 605 1344 in
628 1318 778 1354 specimine
801 1318 920 1345 femineo
943 1322 970 1344 et
993 1317 1063 1344 infra
1086 1320 1114 1344 et
1137 1327 1219 1354 supra
1242 1318 1270 1345 111
1293 1327 1400 1354 quaque
1423 1318 1467 1345 ala
1489 1318 1589 1351 adsint,
1623 1319 1671 1346 sed
1694 1319 1721 1346 in
1745 1329 1819 1347 mare
1842 1323 1949 1348 tantum
1975 1321 2002 1348 in
2026 1321 2126 1358 pagina

205 1360 345 1397 superiore
368 1360 473 1387 alarum
497 1359 650 1386 anticarum
674 1359 860 1386 observentur.

207 1453 238 1486 3.
278 1451 318 1487 P.
345 1451 462 1487 hellica
496 1448 622 1495 (LIN.):
663 1451 728 1486 alis
768 1464 878 1498 supra
917 1451 1016 1492 albis,
1057 1451 1183 1486 anticis
1223 1464 1333 1498 supra
1375 1452 1515 1486 macula
1549 1452 1905 1500 subquadrangulari
1939 1453 2124 1489 discoidali

305 1510 476 1557 apiceque
503 1509 834 1552 albo-4-ninculato,
868 1509 997 1556 nigris;
1036 1509 1182 1556 posticis
1209 1508 1304 1544 infra
1330 1510 1725 1555 griseo-virescentibus
1754 1512 1904 1547 maculis
1936 1513 1978 1546 13
2008 1511 2125 1546 ovatis

305 1568 405 1609 albis,
440 1580 593 1613 quarum
623 1570 642 1602 2
671 1567 716 1602 ad
745 1567 855 1610 basin,
891 1570 911 1602 5
940 1567 1088 1602 fasciam
1116 1579 1179 1614 per
1205 1567 1345 1602 discum
1372 1566 1533 1603 formant
1560 1575 1596 1603 et
1625 1570 1643 1603 6
1673 1568 1718 1603 ad
1745 1569 1944 1616 marginem
1972 1570 2124 1604 exterio-

304 1637 380 1659 rem
408 1637 488 1659 cum
518 1624 775 1660 discoidalibus
803 1638 866 1672 per
893 1626 1035 1660 striolas
1063 1625 1174 1660 flavas
1202 1624 1403 1660 cohaerent.
1433 1629 1475 1662 εἶ’.

401 1700 514 1735 Papilio
536 1699 632 1726 bellica
654 1699 718 1726 LIN.
763 1699 836 1726 Mus.
860 1699 928 1726 Lnd.
953 1699 1010 1726 Ur.
1034 1709 1059 1736 p.
1084 1699 1152 1726 243.

400 1741 513 1776 Papilio
536 1741 675 1777 (laplislice
698 1740 792 1767 CRAM.
837 1741 905 1768 Uitl.
930 1741 999 1777 Kap.
1024 1744 1041 1767 t.
1069 1740 1134 1767 171.
1158 1740 1202 1775 fig.
1227 1739 1255 1767 C.
1279 1740 1313 1767 D.
1339 1737 1368 1774 ῼ.

400 1782 513 1818 Papilz'o
536 1782 671 1818 rlzaplzcmz'
692 1782 782 1809 FABR.
827 1782 857 1809 E.
881 1782 906 1809 S.
931 1782 983 1809 III.
1010 1784 1033 1809 1.
1060 1781 1126 1809 188.
1151 1781 1218 1809 579.
1243 1781 1330 1808 Ocns.
1355 1781 1445 1809 Schm.
1470 1792 1492 1809 v.
1517 1782 1581 1810 Eur.
1605 1782 1642 1810 II.
1669 1784 1734 1810 154.

400 1823 493 1850 Pieris
515 1823 650 1859 rhopham
672 1823 745 1850 DUP.
790 1824 855 1860 Pap.
879 1823 912 1850 de
935 1824 1047 1850 France.
1092 1823 1187 1860 Suppl.
1211 1822 1247 1859 pl.
1272 1823 1297 1850 5.
1321 1823 1337 1849 f.
1363 1823 1388 1849 2.

400 1865 494 1892 Pieris
516 1865 612 1892 bellica
634 1865 735 1892 BorsD.
780 1865 825 1901 Sp.
849 1865 917 1892 Gen.
941 1865 963 1892 Ι.
988 1865 1055 1892 546.
1082 1865 1148 1892 156.
1193 1864 1261 1901 Voy.
1285 1864 1318 1891 de
1342 1864 1418 1891 l’Afr.
1441 1865 1535 1892 Austr.
1559 1875 1584 1902 p.
1607 1865 1703 1901 Deleg.
1727 1866 1765 1893 Π,
1790 1867 1856 1894 586.
1882 1867 1928 1895 21.

336 1939 427 1974 Hab.
455 1940 491 1974 in
518 1938 703 1975 Caffraria.
759 1939 985 1974 VVAHLBERG.
1038 1939 1097 1974 Ad
1125 1939 1280 1974 Portum
1309 1939 1424 1974 Natal.
1480 1939 1739 1976 DELEGORGUE.

946 2074 1203 2125 Pinacopteryx.
1237 2090 1268 2112 n.
1295 2089 1374 2124 gen.

1035 2164 1144 2205 (Pieris.
1173 2165 1286 2205 Boisd.)

202 2258 375 2294 Antemzce
402 2259 607 2302 mediocres,
642 2259 677 2293 in
706 2259 846 2295 clavam
873 2258 1079 2294 distinctam
1109 2259 1265 2302 brevem,
1294 2259 1537 2307 pyriforniem,
1571 2260 1690 2295 subito
1719 2266 1955 2303 transeuntes,
1984 2261 2018 2295 in
2046 2273 2120 2307 spe-

303 2317 493 2352 ciminibus
521 2317 710 2352 exsiccatis
737 2317 935 2352 lateraliter
962 2329 1203 2364 compressam
1232 2318 1252 2351 l.
1280 2324 1502 2352 excavatam.

204 2381 312 2430 Caput
345 2383 526 2418 latitudini
554 2383 711 2418 thoracis
737 2382 812 2418 fere
839 2383 986 2429 aequale,
1025 2383 1119 2418 inter
1146 2384 1271 2418 oculos
1298 2390 1334 2418 et
1361 2384 1428 2418 sub
1456 2389 1629 2419 antennas
1656 2384 1736 2431 pilis
1764 2384 1896 2431 rigidis,
1930 2385 1965 2419 in
1993 2385 2119 2419 cristas

302 2441 392 2476 duas
419 2441 576 2476 minutas
604 2441 649 2475 ad
677 2441 801 2476 oculos
828 2441 1084 2483 subacervatis,
1112 2441 1303 2475 munitum.

202 2506 305 2554 Palpi
332 2507 533 2554 compressi,
574 2507 730 2554 porrecti
764 2507 784 2542 1.
812 2506 1080 2549 adscendentes,
1120 2506 1357 2553 divergcntes,
1389 2506 1487 2542 haud
1515 2508 1705 2554 squamati,
1734 2509 1813 2555 pilis
1840 2509 1956 2556 longis
1984 2508 2117 2555 rigidis,

302 2565 576 2600 conniventibus
615 2564 709 2600 infra
741 2565 920 2600 instructi.
972 2565 1159 2600 Articulus
1193 2564 1323 2600 basalis
1351 2571 1387 2599 et
1414 2565 1648 2601 intermedius
1676 2557 1863 2609 normales,
1902 2579 1966 2601 nec
1994 2566 2118 2607 inflati,

301 2623 453 2657 invicem
491 2622 716 2667 longitudine
750 2623 922 2669 aequales;
962 2623 1018 2658 hic
1046 2635 1171 2658 versus
1199 2622 1335 2669 apicem
1363 2623 1492 2657 sensim
1521 2629 1742 2666 attenuatus,
1782 2630 1823 2659 ut
1849 2623 1923 2659 fere
1950 2625 1996 2659 sit
2024 2624 2117 2658 coni-

302 2693 376 2715 cus.
428 2680 616 2715 Articulus
655 2681 805 2716 ultimus
845 2681 1057 2716 intermedio
1092 2680 1190 2715 haud
1225 2680 1377 2722 brevior,
1416 2681 1571 2727 gracilis,
1613 2694 1677 2728 per
1710 2688 1824 2716 totam
1852 2681 2115 2728 longitudinem

302 2737 504 2780 conformis,
544 2738 580 2772 in
613 2739 712 2785 apice
746 2738 866 2774 subito
894 2739 1131 2780 acuminatus,
1165 2738 1247 2785 pilis
1274 2738 1500 2774 brevioribus
1526 2738 1620 2773 infra
1647 2739 1855 2781 instructus,
1888 2752 1906 2773 e
1934 2739 2116 2785 pilositatc

301 2796 525 2842 reliquorum
553 2797 796 2843 progrediens.

202 2861 300 2897 Oculi
326 2861 423 2896 nudi.
