2382 3361
295 320 340 353 52
948 325 981 348 H.
1016 326 1049 349 1).
1083 325 1110 350 J.
1143 325 1467 356 WALLENGREN,

243 400 367 432 limbata,
396 403 478 436 atque
502 399 573 426 inter
595 400 685 425 costas
711 397 790 424 1——2
814 396 977 433 interrupta,
1006 400 1038 424 ut
1061 400 1171 424 tantum
1193 396 1302 424 macula
1325 399 1415 429 ovata,
1438 399 1480 423 sat
1503 395 1619 428 minuta,
1643 395 1733 422 antice
1756 398 1839 423 tenue
1861 394 2079 431 nigro-limbata,
2102 404 2167 423 mox

242 445 306 469 ante
340 445 445 468 costam
482 442 590 472 lanam,
625 442 652 466 et
685 442 749 466 ante
783 438 854 465 hanc
888 438 1025 465 maculam
1058 442 1193 475 punctum
1221 438 1458 465 obsoletissimum
1481 437 1590 464 adsunt.
1636 437 1713 464 Inter
1735 440 1826 464 costas
1849 437 1931 464 3-—4
1954 433 1997 471 (in
2021 437 2081 473 ipsa
2104 446 2167 464 con-

242 483 359 510 nexione
393 480 502 519 earum)
536 484 671 518 punctum
705 482 819 507 ovatum
854 479 972 507 vitreum
1006 479 1093 512 adest,
1127 483 1155 507 et
1178 479 1250 507 inter
1272 483 1363 507 costas
1388 480 1467 506 1——4
1491 479 1607 506 maculae
1630 478 1930 505 brunnesceute-fuscae
1953 482 2030 504 extra
2053 478 2167 505 fasciam

242 525 430 552 observantur.
475 523 508 549 In
532 522 655 558 margine
678 521 771 548 antico
795 521 902 548 macula
925 521 1038 557 obliqua
1061 521 1157 552 vitrea,
1180 530 1228 557 per
1251 524 1341 548 costas
1366 521 1444 548 6—9
1469 520 1565 553 divisa,
1589 520 1616 547 in
1640 519 1732 547 medio
1755 520 1827 547 inter
1850 519 1962 547 fasciam
1987 519 2167 546 discoidalem

242 569 269 593 et
292 566 398 602 apicem
422 565 474 591 alae
497 566 573 591 tenet
596 564 697 595 locum,
732 565 759 589 et
782 565 860 590 extra
882 562 960 589 illam
984 562 1092 589 macula
1114 563 1202 590 altera
1224 562 1604 594 bruunesccnte-fuscescens,
1638 561 1861 593 indeterminata,
1895 570 1980 597 usque
2004 561 2038 588 ad
2062 564 2167 588 costam

242 608 329 634 42tam
362 615 390 633 se
424 605 564 637 extendit3
598 605 626 632 in
659 604 736 641 apice
770 604 875 631 alarum
910 604 1017 631 macula
1044 604 1131 631 altera
1154 604 1298 640 ejusmodi,
1322 604 1370 631 sed
1393 604 1491 635 minor.
1515 603 1641 631 occurrit.
1687 603 1787 639 Margo
1810 602 1930 630 exterior
1952 602 2065 629 fasciam
2089 602 2168 629 obso-

243 649 326 675 letam
350 647 482 684 pallidam
506 647 585 682 gerit.
630 646 691 673 Alae
714 645 829 682 posticae
851 645 886 672 ad
909 645 988 672 basin
1012 645 1205 678 suscescentes,
1229 649 1257 672 et
1279 645 1314 673 ad
1337 645 1490 681 marginem
1514 645 1678 672 exteriorem
1702 645 1774 672 intra
1797 644 1913 680 strigam
1931 643 2064 680 pallidam
2083 644 2167 671 ferru-

241 689 441 725 gineo-tinctae.
486 688 583 715 Fascia
616 691 680 715 ante
714 687 821 714 discum
855 687 912 714 lata
945 687 1049 723 pallida
1083 686 1284 723 subpellucida,
1318 696 1334 714 a
1366 690 1443 713 costa
1479 688 1491 713 1
1527 696 1612 722 usque
1641 686 1675 713 ad
1699 689 1803 713 costam
1829 686 1846 713 7
1870 695 1898 713 se
1921 685 2054 712 extendit.
2098 685 2168 712 Haec

242 731 326 758 fascia
349 730 377 757 in
400 730 501 757 cellula
524 729 632 756 macula
654 729 752 756 lineari
775 729 890 758 cinerea,
918 728 952 755 ad
976 733 1081 755 costam
1107 730 1208 756 lzmam
1232 728 1341 755 macula
1364 728 1513 755 rotundatu
1536 731 1563 754 01
1586 727 1620 754 ad
1644 731 1749 754 costam
1774 728 1877 754 Tzlnam
1900 727 2009 754 macula
2032 726 2169 763 ejusmodi

242 775 363 804 notatur,
397 771 445 799 sed
474 771 591 798 maculae
618 771 661 798 ha}
686 770 703 797 2
726 779 789 797 cum
813 770 903 797 colore
926 770 1005 797 fundi
1028 769 1175 797 cohaerent.
1220 770 1281 797 Alae
1304 770 1404 796 anticae
1427 769 1497 796 iufra
1521 769 1805 796 fluvido-albescentes
1828 768 1945 795 maculis
1968 768 2106 804 fasciaque
2130 768 2168 795 vi-

242 814 308 841 treis
342 817 372 840 ut
405 813 433 840 in
462 813 564 849 pagiua
592 812 740 848 superiore,
764 811 812 838 sed
835 811 870 838 ad
893 811 1000 848 apicem
1024 811 1133 838 macula
1155 811 1305 838 rotuudata
1328 811 1484 846 ferruginea
1507 814 1535 837 et
1558 810 1592 837 ad
1615 811 1750 846 angulum
1773 810 1910 847 posticum
1935 809 2044 836 macula
2068 818 2168 845 magna

241 855 341 882 diffusa
364 854 487 891 ejusdem
511 853 610 880 coloris
633 855 774 880 notantur.
818 852 915 879 Fascia
939 852 1099 888 marginalis
1122 852 1227 889 pallida
1250 853 1334 879 etiam
1358 852 1443 879 adest.
1489 852 1550 879 Alae
1573 852 1687 888 posticae
1711 852 1781 878 infra
1805 851 2060 883 flavescente-albae,
2084 850 2168 878 fascia

242 896 376 928 obsoleta,
410 895 457 922 sed
491 898 534 921 sat
567 895 623 921 lata
652 894 759 921 cinerea
788 893 860 920 intra
889 893 1004 929 strigam
1028 894 1127 921 coloris
1149 894 1229 921 fundi
1252 894 1448 929 1narginalem;
1484 896 1547 920 ante
1570 893 1683 920 fasciam
1707 902 1785 920 arcus
1808 893 2015 924 obsoletissimi,
2048 892 2168 928 gracilli-

242 938 288 970 mi,
322 938 522 964 einerasceutes
556 936 744 962 observantur.
790 934 861 962 Cilia
893 935 994 967 brevia,
1029 935 1128 962 coloris
1156 934 1249 968 fundi3
1283 935 1388 962 alarum
1413 935 1567 962 anticarum
1590 944 1673 972 supra
1695 934 1729 962 ad
1753 934 1858 961 exitum
1882 937 2020 961 costarum
2045 934 2168 961 obsolete

243 980 473 1015 fusco-punctam.

942 1081 1308 1111 LEUCOCHITONEA.
1342 1092 1369 1111 n.
1403 1091 1467 1119 gen.

241 1162 415 1198 Antennoe
454 1161 646 1201 breviores,
688 1172 813 1194 versus
854 1158 990 1205 apicem
1024 1159 1060 1193 in
1095 1159 1234 1194 clavam
1262 1157 1488 1194 fusiformem
1517 1158 1843 1201 indeterminatam,
1874 1158 2013 1194 modice
2041 1171 2168 1195 curva-

342 1226 426 1263 tam,
455 1219 624 1254 obtusam
652 1223 893 1252 transeuntes.

243 1286 346 1333 Palpi
384 1285 504 1327 crassi⁷
544 1283 865 1331 squamam-pilosi,
903 1283 997 1319 infra
1024 1296 1149 1319 versus
1177 1283 1312 1330 apicem
1341 1281 1571 1329 planiusculi;
1611 1283 1785 1318 articulus
1813 1284 1965 1319 ultimus
1993 1283 2120 1325 brevis,
2149 1295 2167 1318 e

342 1344 523 1391 pilositate
551 1344 775 1390 reliquorum
805 1341 867 1376 vix
895 1348 1070 1384 exsertus,
1099 1341 1262 1376 obtusus.

243 1410 352 1458 Caput
378 1411 526 1445 thorace
554 1410 671 1445 multo
697 1408 880 1456 gracilius,
906 1407 1080 1443 fasciculo
1108 1407 1287 1455 pendente
1315 1406 1497 1441 ordinario
1525 1407 1593 1442 sub
1616 1408 1781 1443 antennis
1808 1408 2038 1451 instructum,
2058 1419 2169 1454 supra

343 1468 490 1503 brevius
518 1467 685 1514 pilosum.

243 1535 352 1571 Tibice
385 1534 519 1582 pedum
553 1533 716 1568 omnium
749 1532 873 1576 nudae;
912 1531 1138 1579 posticorum
1173 1532 1410 1567 4-calcaratae.
1465 1530 1575 1566 Coxae
1603 1531 1737 1579 pedum
1765 1531 1968 1567 anticorum
1996 1531 2168 1567 fasciculo

343 1599 384 1628 ut
411 1593 447 1627 in
474 1604 604 1639 genere
632 1591 857 1638 praecedente
884 1590 1082 1626 instructae.

242 1658 371 1706 Corpus
411 1658 706 1701 crassiusculum;
747 1657 880 1692 thorax
913 1657 1141 1704 longitudine
1176 1656 1377 1691 abdominis
1411 1655 1565 1691 brevior.
1619 1656 1812 1692 Abdomen
1840 1657 1904 1692 alis
1933 1656 2079 1704 posticis
2108 1667 2169 1691 ex—

342 1717 461 1764 pansis
490 1717 645 1751 brevius.

242 1784 319 1819 Alce
353 1784 480 1818 anticae
512 1783 547 1817 in
576 1782 737 1828 margine
765 1782 905 1816 interno
934 1781 1030 1816 haud
1058 1781 1236 1816 arcuatim
1264 1781 1401 1823 excisae,
1440 1780 1515 1816 fere
1543 1788 1661 1816 rectae.
1714 1780 1839 1828 Margo
1868 1782 2009 1816 anticus
2038 1786 2167 1821 rectus,

343 1842 388 1877 ad
422 1842 523 1876 basin
557 1840 695 1875 modice
730 1846 908 1874 arcuatus.
962 1839 1090 1886 Margo
1124 1840 1285 1874 exterior
1312 1839 1461 1885 integer.
1516 1839 1618 1886 Apex
1647 1839 1947 1874 subrotundatus.
2001 1839 2079 1874 Alae
2107 1851 2167 1885 po-

342 1901 440 1935 sticae
468 1899 683 1941 rotundatae,
712 1898 870 1944 integrae.
924 1896 1062 1932 Cellula
1090 1897 1230 1932 alarum
1258 1898 1459 1933 anticarum
1489 1897 1652 1944 simplex.

244 1967 351 2003 Cos-tw
379 1973 414 2002 et
441 1966 571 2001 cellula
599 1965 738 2000 alarum
767 1964 913 1998 omnino
942 1970 983 1998 ut
1011 1963 1046 1998 in
1073 1976 1203 2012 genere
1231 1964 1466 2011 praecedente.

246 2069 274 2101 1.
316 2066 357 2101 L.
385 2066 503 2101 Zeeubu
531 2077 563 2099 n.
591 2077 641 2111 sp.
669 2063 733 2099 alis
761 2063 866 2105 albis3
894 2063 1021 2098 anticis
1049 2063 1148 2110 apice
1176 2063 1290 2110 nigro,
1318 2064 1467 2099 maculis
1498 2066 1516 2098 6
1546 2063 1774 2099 difformibus
1802 2063 1892 2099 albis
1920 2069 2054 2106 notato,
2075 2076 2168 2098 mar-

343 2124 497 2170 gineque
523 2123 703 2158 exteriore
731 2122 844 2169 nigro,
872 2122 1169 2164 albo-maculato;
1196 2122 1343 2168 posticis
1371 2122 1531 2168 margine
1559 2122 1738 2157 exteriore
1766 2122 1880 2168 nigro,
1908 2123 2059 2157 maculis
2078 2121 2168 2157 albis

343 2182 387 2217 ad
428 2182 529 2216 basin
571 2181 737 2216 ciliorum
777 2185 913 2222 notato,
955 2178 1047 2214 infra
1081 2179 1222 2214 macula
1255 2179 1514 2226 submarginali
1544 2180 1679 2223 baseos,
1707 2180 1883 2226 exituque
1911 2188 2093 2215 costarum
2122 2179 2166 2214 ad

343 2240 517 2287 angulum
547 2240 604 2274 ani
633 2238 754 2285 nigris.
791 2242 834 2276 0⁷¹.
887 2237 998 2283 Long.
1027 2238 1070 2273 al.
1099 2250 1179 2284 exp.
1207 2238 1315 2272 circit.
1344 2239 1390 2272 40
1420 2239 1556 2272 millim.

377 2313 469 2349 Hab.
498 2314 533 2347 in
561 2312 745 2348 Caffraria.
800 2311 1026 2346 WAnLssEuG.

378 2396 474 2422 Descr.
520 2396 555 2422 L.
578 2396 653 2422 niveo
687 2392 797 2431 (CRAM.
832 2393 886 2420 tab.
922 2393 968 2420 22.
1019 2393 1115 2420 affinis.
1161 2395 1299 2421 Autennac
1322 2394 1416 2431 nigrae.
1462 2394 1541 2431 l'alpi
1565 2394 1629 2427 albi,
1652 2404 1734 2431 supra
1757 2404 1819 2421 cum
1843 2395 1959 2422 articulo
1983 2398 2042 2422 toto
2067 2396 2166 2423 ultimo

244 2436 323 2472 nigri,
369 2437 459 2473 Caput
493 2437 603 2471 nigrum
636 2436 752 2463 maculis
784 2435 860 2462 albis.
906 2434 1016 2462 Thorax
1039 2435 1129 2462 antice
1153 2436 1181 2463 in
1204 2436 1326 2463 humeris
1350 2436 1510 2463 fulvcsccns.
1557 2436 1702 2463 Abdomeu
1725 2436 1829 2468 album,
1858 2437 1929 2463 linea
1953 2436 2054 2463 dorsali
2078 2437 2164 2473 nigra.

244 2478 321 2506 Tarsi
356 2478 435 2514 nigri.
480 2478 568 2505 Tibiae
602 2477 703 2515 pedum
733 2477 903 2514 posticorum
931 2479 958 2503 ct
982 2477 1210 2504 intermediorum
1234 2477 1312 2510 albae,
1336 2478 1490 2505 anticorum
1514 2477 1601 2513 nigrae
1625 2478 1732 2505 macula
1755 2477 1847 2504 albida
1870 2478 2002 2505 obsoleta.
2048 2479 2164 2506 Femora

244 2520 330 2554 nigra,
364 2520 465 2556 pedum
500 2519 668 2556 posticorum
693 2522 720 2545 et
743 2517 971 2545 iutermediormn
995 2528 1088 2545 versus
1111 2519 1290 2546 insertionem
1313 2519 1444 2546 tibiarum
1468 2519 1537 2545 infra
1561 2519 1630 2546 alba.
1675 2519 1834 2546 Fasciculus
1857 2528 1986 2546 coxarum
2011 2520 2164 2548 antima-um

245 2561 329 2595 niger.
374 2561 474 2588 Pectus
502 2561 605 2591 album,
637 2560 770 2587 lateribus
794 2559 1018 2587 fulvescentibus.
1064 2560 1125 2587 Alae
1148 2569 1243 2588 omnes
1266 2570 1349 2597 supra
1372 2560 1450 2592 albae,
1474 2560 1501 2587 in
1525 2560 1687 2587 tiavcdinem
1712 2560 1834 2587 obsolete
1858 2565 2009 2596 vergentes
2055 2562 2164 2589 Anticae

244 2602 278 2629 ad
303 2602 454 2637 marginem
478 2602 600 2629 anticum
625 2605 651 2628 et
674 2602 801 2628 intimam
826 2601 904 2628 basin
927 2601 1020 2637 nigrae.
1066 2602 1144 2638 111)οΧ
1168 2611 1261 2629 carum
1285 2612 1347 2629 cum
1371 2602 1495 2637 margine
1518 2602 1653 2629 exteriore
1675 2602 1758 2629 etiam
1784 2602 1868 2637 niger.
1914 2603 1944 2629 In
1970 2603 2092 2639 margine
2116 2603 2164 2630 illo

245 2643 327 2670 series
362 2643 532 2670 macularum
566 2643 777 2670 rotundatarum
812 2642 937 2669 albarum
971 2652 986 2669 a
1020 2646 1096 2669 costa
1125 2645 1198 2670 1:ma
1227 2653 1312 2679 usquc
1335 2643 1369 2670 ad
1393 2643 1547 2678 marginem
1571 2643 1693 2670 anticum
1716 2653 1744 2670 se
1767 2643 1900 2670 extendit.
1946 2644 1977 2671 Iu
2002 2645 2078 2681 apice
2101 2645 2126 2672 h.
2150 2654 2163 2671 e

244 2685 316 2712 iuter
349 2688 439 2711 costas
473 2685 575 2711 4-710
609 2687 755 2711 occurrunt
779 2684 893 2711 maculae
917 2683 1054 2719 elongatae
1077 2684 1155 2717 albae,
1186 2684 1335 2717 difformes,
1367 2694 1415 2722 per
1437 2688 1527 2712 costas
1550 2685 1612 2712 illas
1635 2684 1727 2720 nigras
1750 2685 1822 2712 iuter
1844 2695 1872 2712 se
1895 2685 2050 2722 disjunctae,
2073 2689 2101 2713 et
2123 2687 2163 2713 in-

245 2731 364 2753 trorsum
394 2726 484 2753 colore
508 2726 593 2762 apicis
617 2726 704 2761 nigro,
738 2725 776 2752 ibi
799 2725 984 2756 fasciaeformi,
1013 2725 1145 2753 limbatae.
1190 2726 1289 2753 Exitus
1312 2730 1451 2753 costarum
1477 2727 1555 2753 1—4
1579 2726 1664 2761 niger.
1709 2726 1770 2753 Alae
1794 2727 1908 2763 posticae
1931 2737 2013 2764 supra
2036 2727 2069 2754 ad
2094 2737 2163 2755 mar-

244 2768 337 2803 ginem
360 2767 523 2794 exteriorem
547 2767 666 2799 tenuius,
699 2766 747 2793 sed
770 2776 864 2794 versus
887 2767 1020 2803 angulum
1043 2767 1089 2793 aui
1111 2767 1195 2795 latius
1219 2767 1318 2803 nigram
1352 2772 1428 2795 costa
1452 2768 1525 2794 7zma
1549 2770 1606 2794 tota
1630 2770 1658 2793 et
1681 2771 1764 2794 costa·
1788 2769 1868 2795 3-—6
1893 2778 1985 2795 versus
2009 2769 2161 2804 marginem

245 2809 338 2844 nigrae.
383 2809 444 2836 Alae
478 2817 574 2835 omnes
606 2808 678 2835 infra
711 2808 824 2835 omnino
858 2811 888 2835 ut
922 2808 950 2835 in
978 2808 1079 2844 pagina
1107 2809 1247 2845 superiore
1276 2809 1419 2841 coloratam
1453 2808 1500 2835 sed
1524 2818 1619 2844 margo
1642 2808 1767 2836 internus
1790 2819 1852 2837 cum
1876 2810 1959 2837 costis
1983 2810 2062 2837 7—8
2086 2810 2161 2841 totis,

245 2850 350 2877 alarum
383 2850 552 2887 posticarum
586 2850 676 2886 niger3
711 2851 794 2876 costa:
825 2849 906 2877 4—-6
930 2849 1079 2877 earundem
1102 2850 1209 2878 alarum
1232 2860 1295 2878 cmn
1317 2850 1389 2887 plica
1411 2850 1484 2877 inter
1506 2852 1595 2877 costas
1620 2850 1699 2877 6—7
1723 2860 1816 2878 versus
1840 2851 1992 2887 marginem
2016 2851 2099 2878 latius
2121 2852 2161 2879 ni—

245 2900 301 2927 grae
334 2901 417 2928 quam
450 2891 479 2918 in
512 2890 613 2928 pagina
646 2891 794 2928 superiore,
827 2894 855 2918 et
888 2890 922 2918 ad
955 2894 1061 2918 costam
1094 2891 1211 2928 primam
1245 2891 1354 2919 macula
1383 2901 1483 2927 magna
1511 2891 1590 2927 nigra
1612 2901 1706 2919 versus
1729 2892 1808 2920 basin
1831 2892 1916 2920 adest.
1961 2892 2032 2920 Cilia
2054 2892 2160 2921 alarum
