2382 3361
818 287 1133 312 LEI’IDOPTERA
1168 289 1501 314 RHOPALOCERA.
2045 283 2064 317 9

202 359 219 385 5
244 367 275 385 ex
299 358 399 386 atomis
422 358 503 386 fulvis
527 358 668 387 acervatis.
696 367 788 385 versus
811 358 944 393 angulum
968 358 1075 385 analcm
1099 359 1223 395 majores,
1252 360 1390 387 interdum
1414 361 1601 393 obsoletiores,
1625 361 1812 394 observantur,
1836 365 1863 389 et
1886 372 1979 389 versus
1999 363 2115 390 limitem

201 400 359 426 interiorem
393 399 516 435 ejusdem
550 399 648 426 coloris
683 399 751 426 fusci
787 399 900 425 maculae
934 399 1005 426 albu¹
1040 400 1143 427 lunata*
1177 404 1201 427 ct
1239 401 1459 429 indctcrn1inatac
1494 403 1603 435 adsunt,
1639 406 1668 429 ut
1702 403 1784 429 fascia
1817 403 1900 433 fusca,
1935 413 1997 430 cum
2026 405 2115 431 colore

201 441 348 476 marginali
376 441 440 468 hinc
463 441 526 468 inde
549 441 698 473 colncrcns,
721 450 793 476 saepe
818 441 958 467 formetur.
1003 441 1064 467 Ala:
1087 442 1186 469 auticae
1209 447 1274 469 sunt
1297 443 1367 470 infra
1391 443 1478 478 magis
1501 443 1617 476 fimidze,
1651 444 1810 480 ceteroquin
1833 445 1888 471 scre
1911 448 1942 471 ut
1964 445 1992 472 in
2016 446 2115 481 pagina

201 482 340 518 superiore
371 482 496 518 signatae,
530 482 578 509 sed
607 482 696 509 colore
720 481 816 508 baseos
839 481 928 517 griseo
951 481 1032 518 plane
1056 486 1149 509 carent
1172 487 1197 509 et
1222 484 1250 510 in
1273 484 1332 520 ipso
1356 485 1480 520 margine
1504 485 1637 511 exteriore
1662 485 1777 512 maculae
1800 486 1872 512 inter
1894 489 1984 513 costas
2007 484 2116 524 (versus

201 523 306 560 apicem
330 523 381 550 alze
404 522 556 561 elongatae)
591 524 667 550 flavae
691 526 718 550 et
740 523 812 549 intra
836 522 906 555 illas,
940 532 1003 550 cum
1026 523 1080 550 illis
1104 526 1197 551 tamen
1220 525 1397 557 colam-cutes,
1422 526 1537 552 maculae
1560 526 1654 553 altera:
1677 526 1777 553 albidae
1800 527 1827 553 in
1851 527 1928 564 apice
1952 527 2003 554 alae
2025 527 2116 555 obser-

201 568 307 591 vantur.
352 564 463 591 Macula
493 565 568 591 fusca
596 564 668 591 inter
695 568 785 591 costas
811 564 889 590 1—·2
913 563 1037 591 obsoleta
1060 568 1087 591 ct
1110 565 1210 592 atomis
1234 566 1367 593 acervatis
1390 569 1498 593 tantum
1522 566 1650 594 indicata.
1696 568 1756 594 Alae
1779 568 1893 604 posticae
1916 568 1987 595 infra
2009 569 2115 596 flavidac

199 605 283 632 costis
317 605 416 641 nigris;
452 615 546 641 margo
580 605 699 632 exterior
731 605 853 632 maculas
882 605 983 632 circum
1013 605 1117 633 exitum
1142 610 1281 634 costarum
1304 608 1394 634 fuscas
1417 612 1459 634 sat
1482 617 1597 643 magnas
1620 611 1647 635 ct
1670 608 1822 644 elongatus,
1846 619 1923 636 arcus
1946 610 2116 647 interruptos·

199 646 358 678 formantes,
387 646 466 682 gerit,
491 650 521 673 ut
544 646 659 673 maculae
682 646 910 673 semirotundatae
933 647 1011 674 flavae
1034 647 1218 680 includantur,
1242 652 1269 675 et
1292 649 1364 675 intra
1387 658 1432 675 eas
1455 649 1546 681 series,
1570 649 1604 676 ad
1627 652 1732 676 costam
1756 650 1774 676 4
1798 650 1961 686 interrupta>
1985 660 2017 678 ex
2040 661 2116 678 arcu-

200 687 250 714 bus
273 687 364 719 fuscis,
397 687 518 714 maculas
541 687 617 714 albas
640 687 854 720 includentibus,
884 687 1045 724 composita,
1075 688 1242 716 obscrvatmz
1288 690 1365 716 Inter
1387 693 1477 716 costas
1503 691 1581 717 1—‘2
1605 691 1712 717 macula
1735 694 1846 718 arcuata
1869 691 1953 724 fusca,
1977 692 2114 720 interdum

199 728 331 759 obsoleta,
366 732 392 755 et
421 728 455 755 ad
483 729 565 755 finem
589 729 696 756 cellulae
720 729 827 756 macula
851 729 938 764 major
960 729 1082 764 ejusdcm
1107 730 1213 757 coloris.
1258 731 1348 766 Sti-iga
1373 731 1447 758 fusca
1472 731 1682 766 longitudinalis
1706 732 1739 758 ad
1763 736 1891 759 truncum
1915 736 2052 760 costarum
2076 734 2116 760 in-

199 769 340 801 feriorem,
374 778 435 796 cum
470 769 577 796 macula
611 770 658 796 illa
692 769 846 802 cohaerens,
881 770 908 796 in
942 770 1041 797 cellula
1075 771 1136 798 alba
1171 772 1255 799 adest.
1306 772 1385 799 Bas-is
1419 772 1551 808 marginis
1585 773 1669 800 antici
1703 773 1860 800 flavissima.
1905 774 1976 801 Cilia
2009 775 2115 802 alarum

199 811 282 837 fusca.
327 810 387 837 Alae
403 812 514 846 semime
537 811 664 847 utrinque
688 811 773 843 flavae,
801 811 834 838 de
858 815 949 838 cetero
972 815 1003 838 ut
1025 812 1054 839 in
1078 822 1150 840 marc
1174 813 1304 840 coloratae
1327 818 1410 850 atque
1433 814 1558 849 signatae.
1603 814 1723 842 Maculae
1747 819 1848 847 tamen,
1872 824 1940 851 quas
1963 825 2022 842 mas
2045 816 2115 851 gerit

199 851 283 884 albas,
307 855 371 878 sunt
394 852 467 888 apud
491 852 622 879 feminam
646 853 730 879 flavae.

199 953 229 986 3.
270 952 309 986 P.
337 952 525 987 mesentz'na
552 950 702 997 (CRAM.)
730 953 794 987 alis
822 953 922 994 albis,
948 954 1073 988 anticis
1100 961 1235 1000 puncto
1265 956 1367 1002 nigro
1395 955 1581 990 discoidali
1611 955 1822 1001 maculaque
1851 969 1981 1003 magna
2003 957 2115 1004 nigra,

298 1010 435 1057 a-picali,
477 1011 626 1045 maculis
668 1012 761 1045 5-6
803 1011 901 1053 albis5
942 1010 1034 1045 infra
1067 1011 1252 1058 elongatis,
1295 1019 1434 1054 notata;
1475 1014 1621 1060 posticis
1648 1014 1809 1059 margine
1836 1014 1939 1060 nigro
1968 1015 2115 1049 maculis

299 1070 393 1103 4—5
429 1068 634 1103 rotundatis
667 1069 765 1109 albis⁷
806 1068 897 1103 infra
924 1069 1032 1104 costis
1059 1069 1330 1105 obscurioribus
1358 1071 1571 1116 maculaque
1598 1070 1699 1106 fusca
1727 1071 1771 1105 ad
1800 1072 1998 1118 marginem
2027 1074 2116 1107 anti—

298 1139 391 1160 cum.
417 1130 459 1162 <ik

394 1208 506 1243 Papilio
528 1209 671 1235 77zesent1‘7za
694 1208 788 1234 CRAM.
834 1208 902 1236 Uitl,
927 1208 997 1244 Kap.
1022 1211 1040 1235 t.
1066 1208 1132 1235 270.
1157 1209 1200 1244 fig.
1225 1210 1256 1236 A.
1281 1210 1312 1237 B.

393 1249 506 1285 Papilio
528 1254 624 1276 aurora
646 1249 736 1276 FABR.
781 1249 812 1276 Ε.
836 1249 861 1276 S.
886 1249 938 1276 III.
965 1252 988 1276 1.
1015 1250 1081 1277 197.
1106 1250 1173 1277 614.

393 1291 485 1317 Pieris
508 1292 650 1317 mesentina
673 1290 775 1318 B01sD.
820 1291 863 1328 Sp.
889 1291 956 1317 Gen.
981 1291 1002 1318 I.
1027 1292 1094 1318 501.
1120 1292 1166 1319 95.
1212 1292 1279 1330 Voy.
1304 1293 1336 1320 dt·
1361 1293 1436 1319 l'Afr.
1460 1302 1509 1330 par
1532 1293 1627 1329 Deleg.
1652 1293 1689 1320 Π.
1714 1293 1781 1321 586.
1808 1294 1852 1321 16.

328 1365 419 1400 Hab.
447 1366 480 1400 in
511 1364 695 1401 Caffraria.
749 1364 977 1401 WAHLBERG.
1030 1366 1291 1402 DELEGORGUE.
1345 1366 1533 1414 Specimen
1574 1369 1730 1410 unicum,
1771 1382 1792 1403 a
1835 1368 2029 1416 Wahlberg
2062 1383 2114 1405 rc-

195 1430 389 1471 portatum,
417 1424 573 1459 varietas
600 1430 663 1459 est.

195 1534 226 1566 4.
269 1532 307 1566 P.
335 1532 523 1567 westwoodz'
554 1545 586 1566 n.
615 1545 665 1579 sp.
695 1532 770 1575 ,alis
802 1545 911 1579 supra
938 1533 1036 1576 albis,
1071 1533 1199 1569 anticis
1228 1534 1398 1580 utrinque
1425 1533 1534 1569 fascia
1561 1534 1773 1570 abbreviata
1801 1535 1903 1582 nigra
1931 1535 1976 1570 ad
2004 1536 2112 1570 finem

293 1590 438 1632 cellulae⁷
467 1590 682 1636 maculaque
709 1602 840 1636 magna
867 1590 994 1637 apicali
1021 1591 1182 1638 ejusdem
1211 1592 1348 1634 coloris,
1377 1591 1438 1627 sed
1460 1592 1610 1627 maculis
1630 1591 1798 1636 confusis,
1817 1592 2111 1635 indeterminatis,

293 1648 480 1691 biseriatis.
508 1648 606 1690 albis,
634 1648 765 1694 pagina
792 1647 959 1683 inferiore
988 1649 1253 1684 confluentibus
1281 1656 1421 1692 notata3
1449 1650 1594 1697 posticis
1621 1662 1730 1696 supra
1759 1651 1909 1686 maculis
1936 1651 2112 1698 margina-

294 1706 388 1741 libus
423 1706 550 1753 nigris3
588 1704 682 1740 infra
721 1705 870 1749 flavidis,
906 1708 1023 1750 costis,
1058 1707 1206 1742 maculis
1235 1707 1502 1754 marginalibus,
1531 1708 1619 1743 serie
1648 1720 1799 1744 arcuum
1827 1710 2009 1755 strigaque
2036 1709 2111 1743 lon-

290 1764 481 1811 gitudinali
510 1765 544 1798 in
572 1764 702 1798 cellula
729 1763 847 1799 fuscis.
880 1769 910 1806 ῼ.
950 1764 1061 1811 Long.
1091 1765 1133 1799 al.
1163 1778 1241 1811 exp.
1272 1769 1317 1800 60
1347 1766 1482 1800 millim.

325 1846 415 1881 Hab.
445 1847 478 1881 in
507 1845 691 1882 Caffraria.
745 1846 972 1882 WAHLBERG.

324 1929 422 1956 Dese-r.
467 1929 573 1964 Pagina
605 1929 744 1966 superiore
779 1929 883 1956 alarum
913 1930 1013 1966 speciei
1042 1930 1218 1966 praecedenti,
1247 1930 1293 1957 sed
1317 1934 1394 1967 parte
1418 1931 1545 1958 inferiore
1568 1931 1674 1958 alarum
1697 1931 1864 1968 posticarmn
1890 1932 1924 1959 P.
1948 1932 2110 1969 ‹Ioubledayi

190 1974 233 1998 sat
255 1970 362 2003 similis,
391 1980 461 2007 apex
484 1973 577 1997 tamen
600 1970 705 1997 alarum
728 1971 883 1998 anticarum
905 1971 1012 1998 acutior
1034 1975 1061 1998 et
1084 1981 1180 2007 margo
1203 1972 1322 1999 exterior
1345 1972 1434 1999 multo
1457 1973 1545 2009 magis
1568 1973 1684 2005 excisus,
1710 1976 1740 2000 ut
1763 1973 1881 2000 varietas
1904 1974 1939 2000 P.
1962 1975 2109 2001 mesentz'noe

191 2012 264 2039 haud
287 2022 345 2039 esse
368 2012 463 2048 possit.
508 2011 569 2038 Alae
597 2021 679 2048 supra
707 2012 785 2044 albae,
817 2013 917 2039 anticae
940 2013 974 2039 ad
997 2013 1076 2040 basin
1099 2016 1141 2040 sat
1164 2013 1219 2040 late
1243 2013 1528 2049 argenteo-micantes.
1574 2014 1673 2050 Margo
1697 2014 1804 2041 anticus
1827 2014 1932 2042 alarum
1955 2015 2108 2042 anticarum

190 2063 205 2080 a
228 2053 287 2080 basi
309 2053 343 2081 ad
366 2054 448 2080 finem
471 2053 579 2080 cellulae
603 2053 657 2080 late
680 2053 803 2080 cinereus
826 2057 854 2081 et
876 2054 975 2081 deinde
999 2055 1160 2082 tenuissime
1191 2055 1275 2090 niger.
1321 2055 1365 2082 Ad
1392 2056 1474 2082 finem
1503 2055 1610 2083 cellulae
1639 2056 1768 2092 utrinque
1797 2056 1880 2083 fascia
1903 2060 2023 2089 arcuata,
2046 2066 2109 2083 con-

190 2095 338 2122 caxitatem
367 2104 460 2122 versus
484 2094 562 2121 basin
586 2098 693 2121 vertens
716 2098 743 2121 et
766 2104 829 2122 cum
853 2095 942 2122 colore
966 2096 1073 2123 cinereo
1096 2096 1193 2123 baseos
1216 2096 1306 2123 antice
1330 2096 1478 2129 cohaerens,
1502 2097 1589 2133 nigra,
1613 2097 1660 2124 sed
1683 2097 1850 2129 abbreviata,
1874 2101 1905 2124 ut
1928 2107 2010 2134 supra
2033 2101 2109 2125 trun-

190 2146 251 2163 cum
286 2139 424 2163 costarum
458 2136 614 2162 inferiorem
648 2136 752 2172 postice
786 2146 814 2163 se
843 2137 888 2163 vix
917 2137 1055 2164 extendat.
1100 2137 1213 2164 Macula
1236 2147 1336 2173 magna
1360 2138 1438 2173 nigra
1461 2148 1543 2175 supra
1565 2138 1594 2165 in
1616 2138 1693 2175 apice
1716 2138 1803 2171 adest,
1832 2148 1847 2165 a
1869 2139 1993 2174 margine
2016 2139 2107 2166 antico

190 2187 273 2214 prope
308 2178 489 2204 furcationem
523 2177 640 2213 primam
674 2181 758 2204 costae
794 2178 857 2205 ssztae
892 2187 976 2214 usque
1011 2178 1044 2205 ad
1079 2179 1231 2214 marginem
1266 2179 1428 2206 exteriorem
1460 2189 1544 2216 prope
1568 2179 1673 2207 exitum
1696 2183 1780 2206 costae
1804 2179 1874 2207 2zdae
1897 2189 1925 2207 se
1948 2180 2106 2207 extendens.

190 2219 309 2246 Maculac
343 2219 481 2246 biseriatae
514 2218 598 2250 alme,
632 2218 855 2246 indeterminatae
888 2222 914 2246 et
950 2220 1071 2247 confusae
1104 2220 1133 2247 in
1166 2220 1216 2247 hac
1250 2220 1358 2247 mac-ula
1391 2220 1585 2253 observantium
1619 2221 1702 2248 series
1736 2230 1834 2258 nempe
1868 2221 1954 2248 altera
1987 2231 2020 2248 ex
2051 2231 2108 2249 ma-

189 2261 258 2288 culis
293 2261 309 2288 6
344 2260 459 2287 minutis
493 2259 649 2287 rotundatis
683 2260 710 2286 in
745 2260 868 2296 margine
902 2261 971 2297 ipso,
1005 2270 1053 2298 per
1086 2261 1198 2288 fasciam
1232 2271 1264 2288 ex
1298 2262 1399 2289 atomis
1432 2262 1518 2298 nigris
1547 2262 1626 2289 valde
1655 2262 1789 2289 acervatis
1812 2272 1827 2289 a
1850 2263 1919 2290 serie
1942 2262 2028 2290 altera
2051 2273 2108 2290 ma-

189 2302 312 2330 cularum
337 2303 354 2329 5
378 2302 514 2338 majorum
537 2301 679 2333 dividitur,
712 2304 742 2328 ut
771 2302 843 2329 intra
866 2302 988 2329 maculas
1011 2312 1107 2329 omnes
1130 2303 1206 2330 albas
1229 2303 1313 2330 fascia
1336 2303 1414 2339 nigra
1437 2303 1517 2330 valde
1540 2304 1654 2331 dentata
1677 2307 1704 2331 et
1727 2304 1799 2331 inter
1822 2304 1944 2331 maculas
1967 2304 2028 2331 illas
2051 2314 2107 2332 ma-

188 2344 257 2371 culae
290 2343 500 2371 subrotundatze
531 2342 566 2370 ad
599 2342 705 2369 exitum
739 2347 878 2370 costarum
906 2344 991 2371 etiam
1018 2344 1153 2380 nigriores
1183 2345 1343 2372 formentur.
1389 2344 1433 2371 Ad
1456 2345 1562 2372 exitum
1585 2348 1670 2372 eost-ae
1692 2345 1790 2382 primae
1813 2345 1921 2373 macula
1944 2346 2052 2373 minuta
2074 2356 2107 2373 cx

188 2385 288 2412 atomis
320 2385 453 2412 acervatis
482 2384 559 2411 adest
588 2384 674 2420 nigra.
720 2384 780 2412 Alae
803 2385 917 2422 posticae
940 2395 1022 2422 supra
1045 2385 1115 2413 albae
1138 2385 1173 2412 ad
1196 2386 1302 2413 exitum
1325 2390 1464 2413 costarum
1488 2387 1610 2414 maculas
1633 2386 1781 2414 subovatas
1805 2387 1897 2423 nigras
1920 2390 1947 2414 et
1970 2387 2042 2414 inter
2064 2397 2107 2414 co-

188 2431 244 2454 stas
278 2427 358 2454 3—4
387 2426 523 2453 maculam
561 2426 697 2452 minutam
731 2426 929 2462 triangularem
957 2427 1080 2463 ejusdem
1104 2427 1202 2454 coloris
1225 2431 1332 2463 gerunt.
1378 2427 1439 2455 Alae
1462 2428 1561 2455 anticac
1584 2428 1655 2455 infra
1678 2428 1712 2455 ad
1736 2428 1814 2455 basin
1837 2428 1957 2460 flavidae;
1991 2428 2106 2456 macula³

188 2468 307 2504 apicales
329 2468 399 2495 alb-„e
422 2468 531 2504 paginae
554 2467 701 2504 superioris
724 2467 858 2494 flavedine
881 2468 955 2495 haud
979 2468 1073 2495 tinette
1097 2472 1161 2495 sunt
1184 2469 1231 2495 scd
1255 2469 1432 2501 confluentes,
1462 2473 1492 2496 ut
1515 2469 1607 2502 fascia,
1631 2469 1713 2496 series
1736 2469 1907 2496 macularum
1930 2470 2040 2506 paginae
2064 2479 2107 2497 su-

189 2509 303 2546 perioris
336 2519 472 2546 separans,
506 2509 586 2545 plane
620 2508 729 2535 deficiat
763 2512 789 2536 et
818 2512 902 2536 costae
925 2512 1035 2536 tantum
1060 2509 1184 2536 dilatatae
1207 2510 1291 2537 fuscae
1314 2514 1472 2546 appareant.
1517 2511 1578 2537 Alae
1602 2511 1715 2547 posticae
1739 2511 1809 2538 infra
1832 2510 1948 2543 flavidze,
1971 2511 2005 2538 ad
2029 2511 2106 2538 basin

189 2550 320 2586 marginis
349 2551 493 2578 anterioris
521 2551 607 2582 flavae,
641 2554 731 2577 costas
754 2550 844 2577 fuscas
867 2554 990 2578 attamen
1014 2551 1128 2578 minime
1151 2551 1281 2578 dilatatas
1304 2556 1417 2587 gcrunt3
1452 2551 1486 2578 ad
1509 2552 1615 2579 exitum
1639 2555 1778 2579 costarum
1802 2552 1917 2580 maculae
1940 2552 2106 2588 marginales

188 2593 280 2624 fuscae,
314 2595 341 2619 et
369 2592 441 2619 intra
470 2592 531 2619 illas
554 2592 636 2618 series
659 2601 771 2619 arcuum
796 2591 918 2628 ejusdem
942 2592 1049 2625 coloris,
1084 2592 1131 2619 sed
1154 2592 1188 2620 ad
1212 2596 1316 2619 costam
1340 2593 1357 2619 3
1381 2596 1408 2620 et
1432 2593 1504 2620 inter
1526 2597 1616 2620 costas
1639 2594 1720 2621 4-5
1745 2593 1907 2630 interrupta,
1940 2594 2053 2621 omnino
2076 2599 2105 2622 ut

189 2634 214 2660 in
250 2634 284 2661 P.
314 2634 475 2670 cloubledayi
508 2633 694 2660 observantur.
741 2633 784 2660 Ad
813 2635 894 2660 tinem
923 2634 1030 2661 cellulae
1054 2633 1132 2660 adest
1155 2634 1262 2661 macula
1285 2634 1369 2666 fusca,
1398 2644 1460 2661 cum
1484 2634 1570 2670 striga
1592 2634 1791 2670 longitudinali
1815 2635 1937 2672 ejusdcm
1961 2635 2067 2667 coloris,
2091 2646 2106 2661 a

188 2675 246 2702 basi
269 2679 437 2707 exem-rente,
461 2674 609 2708 cohaerens,
633 2675 745 2702 omnino
770 2681 799 2702 ut
822 2675 850 2702 in
873 2675 963 2712 specie
986 2678 1145 2702 memorata.
1190 2675 1234 2702 Ad
1257 2675 1374 2702 limbum
1397 2676 1537 2702 internum
1555 2677 1646 2704 trunci
1664 2681 1804 2703 costarum
1823 2676 1978 2703 communis
1996 2676 2105 2713 paginae

188 2716 324 2744 inferioris
357 2716 443 2752 striga
476 2716 562 2743 altera
596 2716 807 2752 longitudinalis
841 2716 964 2753 ejusdem
998 2716 1096 2744 coloris
1130 2716 1216 2749 adest,
1250 2720 1281 2744 ut
1308 2720 1422 2744 truncus
1451 2717 1496 2744 ille
1519 2717 1635 2745 flavidus
1658 2717 1812 2745 bifurcatus
1834 2718 1863 2745 in
1886 2717 2025 2745 fuscedine
2047 2717 2105 2744 lato

187 2762 325 2795 appareat.
371 2757 455 2784 Costa
489 2757 550 2784 Stva
583 2757 667 2785 etiam
700 2758 778 2790 flava,
812 2758 840 2785 in
873 2758 959 2794 striga
992 2758 1069 2785 fusca
1101 2757 1300 2794 longitudinali
1333 2768 1476 2795 apparens.
1510 2768 1571 2795 quae
1604 2759 1633 2786 in
1662 2759 1786 2795 margine
1815 2759 1949 2787 exteriore
1978 2759 2108 2786 excurrit:

189 2800 264 2827 Intcr
286 2803 375 2827 costas
401 2799 478 2826 1—2
502 2798 580 2825 adest
603 2799 718 2832 macula,
742 2802 772 2827 ut
795 2800 823 2827 in
846 2800 936 2837 specie
955 2800 1013 2836 jam
1037 2803 1196 2827 memorata.
1242 2799 1326 2827 Costa
1348 2800 1437 2837 prima
1460 2799 1585 2833 dilatata,
1608 2800 1691 2828 fusca.

289 2859 310 2874 κ.
326 2859 367 2874 τοι.
382 2856 441 2874 Ana.
462 2856 528 2873 flandr
556 2853 580 2874 B.
595 2854 616 2874 2.
644 2858 676 2873 ενι
691 2853 712 2874 4.
1983 2844 2002 2877 2
