2382 3361
821 311 1132 334 LEPIDOPTERA
1166 310 1499 334 RHOPALUCERA.
2021 301 2063 334 13

297 384 440 428 adnata,
481 385 610 420 atomis
650 384 784 419 crebris
821 383 946 429 griseis
979 382 1109 428 sparsis
1137 381 1318 427 fasciaque
1346 381 1450 416 valde
1478 382 1651 427 angulata
1679 380 1894 428 ferruginea.
1931 385 1962 417 52.
2004 381 2114 427 Long.

298 443 341 477 al.
369 455 448 489 exp.
477 444 524 477 40
552 442 690 477 1111111111.

329 515 419 550 Hab.
448 516 482 550 in
512 515 696 551 Caffraria.
753 513 978 548 WAHLBERG.

328 605 427 633 Descr.
471 605 580 642 Species
614 606 702 632 forma
735 604 840 631 alarum
869 605 902 631 A.
926 604 1028 631 achimo
1050 603 1097 630 scd
1121 603 1204 630 fascia
1228 603 1301 630 fulva
1325 603 1423 640 apicali
1446 604 1551 630 alarum
1576 603 1729 630 anticarum
1753 604 1785 631 A.
1809 604 1939 640 onzplmloe
1961 602 2111 631 simillima.

194 650 317 673 attamen
345 647 435 674 minor
458 650 485 673 et
508 647 541 673 ab
564 646 697 673 ambabus
720 649 763 672 sat
785 645 899 672 diversa.
944 645 1005 671 Alae
1029 654 1110 681 snpra
1134 645 1217 675 albim
1251 645 1358 675 anticze,
1393 648 1423 671 ut
1446 645 1473 671 in
1497 646 1530 671 A.
1554 645 1655 677 acldne,
1687 645 1722 672 ad
1746 645 1898 680 marginem
1922 645 2060 671 internum
2085 647 2112 671 et

194 687 308 724 posticae
330 688 365 715 ad
388 688 540 723 marginem
564 688 686 714 anticum
710 686 823 713 fasciam
846 686 1078 720 longitudinalem
1102 689 1202 721 gerunt
1225 686 1338 718 fuscam,
1367 686 1414 713 sed
1439 685 1496 713 haec
1520 686 1603 712 fascia
1627 686 1715 713 multo
1738 686 1827 721 magis
1851 686 1949 717 tenuis,
1978 695 2059 721 quam
2084 686 2110 712 in

193 729 283 765 specie
312 732 472 760 memorata,
502 732 531 755 ut
554 732 664 755 tantum
687 728 720 755 ad
745 728 823 755 basin
846 727 935 764 ipsam
958 727 1009 754 alas
1033 727 1160 754 cellulam
1183 727 1337 754 anticarum
1360 730 1437 763 tegat
1460 730 1487 753 et
1510 727 1608 754 deinde
1632 727 1753 763 spatium
1776 731 1818 754 sat.
1841 727 1965 763 amplum
1990 727 2061 753 inter
2083 737 2110 753 se.

193 773 220 796 et
254 770 382 797 cellulam
416 770 562 806 relinquat,
596 770 634 797 sic
668 769 752 796 etiam
786 769 938 804 marginem
973 769 1111 795 internum
1146 769 1300 795 anticarum
1330 772 1420 795 totum
1452 778 1506 795 non
1541 769 1618 803 tegit,
1653 768 1699 795 sed
1734 778 1827 795 versus
1851 770 1931 795 tinem
1955 767 1988 794 ab
2012 768 2059 794 illo
2083 778 2110 793 sc

193 811 280 846 magis
304 811 331 837 in
354 810 511 838 albedinem
533 811 656 838 retrahit,
701 811 800 845 Margo
823 810 940 842 anticus,
969 819 1038 846 apex
1061 813 1089 837 et
1112 819 1207 845 margo
1231 810 1350 836 exterior
1372 810 1476 836 alarum
1501 810 1655 836 anticarum
1679 810 1756 840 fusci,
1780 810 1826 836 ille
1850 819 1912 836 vero
1936 809 2109 839 tenuissime;

192 852 293 878 limbus
316 851 360 878 hic
383 852 475 879 fuscus
499 852 631 886 marginis
654 851 796 879 exterioris
821 854 850 878 ut
874 851 901 878 in
924 851 1014 887 specie
1035 851 1207 887 praecedente
1225 851 1358 886 angulum
1372 851 1509 887 posticum
1524 851 1641 877 alienon
1655 851 1777 886 attingit.
1812 851 1889 877 Intra
1901 850 2017 877 limbum
2031 850 2109 876 illum

191 893 283 925 fascia,
317 902 330 919 c
365 893 480 920 maculis
508 894 525 920 8
549 894 603 920 fere
627 893 789 930 aequalibns,
812 896 924 920 arcuata
947 892 1022 919 fulva
1045 892 1213 919 observatur.
1258 892 1378 919 Maoulae
1401 896 1464 919 sunt
1489 896 1643 919 extrorsum
1667 892 1823 919 rotundatu:
1847 895 1873 919 et
1897 893 2046 919 introrsum
2070 901 2109 918 ar-

190 937 279 961 cuatae
313 937 340 961 et
374 944 388 961 a
422 934 546 969 margine
579 935 671 961 antico
706 944 791 970 usque
824 933 859 960 ad
893 933 1014 960 medium
1047 934 1119 960 inter
1147 937 1236 960 costas
1261 934 1341 960 :JV-4
1365 943 1413 970 pcr
1436 933 1547 960 fasciam
1572 937 1614 960 sat
1638 933 1722 960 latam
1746 933 1849 960 fuscam
1874 933 2038 965 terminatae,
2062 932 2108 959 sed

190 975 289 1003 deinde
318 975 401 1002 colori
430 976 633 1003 fundamentali
655 976 713 1003 siue
736 975 854 1002 termino
878 975 931 1002 alio
955 974 1076 1002 adnexae.
1121 975 1182 1002 Alae
1206 974 1319 1011 posticae
1343 975 1465 1001 maculas
1488 974 1651 1001 rotundatas
1674 974 1772 1007 fuscas,
1796 984 1850 1001 11011
1874 975 2051 1005 confluentes,
2075 973 2108 1000 ad

190 1017 343 1052 marginem
376 1017 514 1053 posticum
548 1021 575 1044 et
609 1017 721 1044 fasciam
755 1016 879 1053 ejusdem
908 1016 1015 1048 coloris,
1049 1016 1180 1051 gracilem
1204 1019 1230 1043 et
1254 1016 1423 1052 angulatum,
1448 1018 1478 1042 ut
1500 1016 1528 1042 in
1551 1015 1750 1051 congeneribus
1773 1019 1881 1051 gerunt.
1926 1015 1987 1042 Alae
2010 1015 2109 1041 anticae

190 1058 259 1085 infra
293 1058 371 1090 albae,
407 1058 454 1085 sed
484 1068 553 1095 apex
582 1068 675 1085 earum
699 1058 815 1085 flavidus
838 1057 946 1084 macula
969 1061 1124 1084 transversa
1147 1057 1296 1084 rufo-fulva
1320 1057 1478 1084 instructus.
1524 1057 1557 1084 In
1580 1060 1655 1084 costa
1680 1057 1743 1084 ena
1766 1056 1924 1093 ceteroquin
1948 1056 2109 1083 observatur

190 1099 297 1126 macula
320 1099 395 1126 fusca
418 1099 551 1132 obsoleta,
575 1100 621 1126 fini
644 1099 736 1126 fasciae
760 1099 892 1134 marginis
915 1099 1053 1125 interioris
1076 1099 1103 1125 in
1127 1099 1226 1135 pagina
1251 1098 1390 1134 superiore
1413 1098 1589 1134 respondens.
1635 1098 1695 1125 Alae
1713 1098 1827 1134 postica·v
1845 1098 1915 1125 infra
1933 1097 2107 1133 griseo—albae

188 1140 288 1167 atomis
322 1140 413 1167 densis
446 1140 543 1176 griseis
577 1140 683 1173 obsitae,
717 1140 855 1176 fasciaque
890 1142 919 1166 ut
953 1140 981 1166 in
1014 1140 1048 1166 A.
1077 1140 1169 1166 aaziae
1204 1140 1359 1169 instructa-2
1393 1139 1427 1166 ad
1462 1140 1543 1166 finem
1577 1139 1682 1166 cellulae
1716 1139 1850 1166 maculam
1880 1138 2106 1170 timido—fulvam,

188 1185 291 1218 puncto
314 1182 393 1217 nigro
417 1185 541 1208 notatam
564 1184 671 1217 gerunt.
717 1181 778 1208 Alae
801 1190 896 1207 omnes
920 1184 1022 1217 puncto
1046 1181 1160 1207 ccntrali
1183 1180 1261 1216 nigro
1285 1180 1318 1207 de
1341 1183 1432 1207 cetero
1455 1183 1557 1207 carent.

188 1275 219 1307 5.
261 1272 308 1308 Α.
328 1272 544 1319 pltleyetonia
572 1270 746 1317 (ROGER):
775 1273 839 1306 alis
867 1271 1082 1313 rotundatis,
1110 1284 1220 1318 supra
1247 1272 1337 1306 albis
1364 1270 1475 1306 fascia
1502 1271 1755 1318 longitudinali
1775 1271 1887 1317 nigra,
1907 1271 2106 1317 marginem

286 1331 469 1366 internum
509 1331 650 1365 alarum
692 1331 895 1365 anticaruin
936 1330 1206 1376 marginemque
1248 1330 1408 1364 anticum
1437 1330 1655 1376 poeticarum
1685 1334 1829 1375 tegente
1857 1335 1893 1363 et
1920 1328 2104 1363 dimidiam

285 1395 425 1435 partein
462 1390 601 1425 cellulae
636 1389 774 1424 alarum
808 1387 1011 1422 anticarum
1038 1386 1112 1422 fere
1141 1388 1299 1429 velante3
1337 1388 1539 1422 anticarum
1569 1387 1730 1433 margine
1759 1387 1878 1421 antico
1905 1392 1960 1421 sat
1988 1393 2104 1427 tenue,

285 1446 348 1482 sed
375 1447 537 1494 margine
564 1446 742 1482 exteriore
771 1445 880 1480 latius
907 1445 1029 1491 nigris,
1057 1445 1271 1491 maculaque
1299 1444 1400 1479 fulva
1427 1445 1562 1492 apicali,
1591 1450 1798 1479 extrorsum
1827 1444 1931 1479 valde
1957 1444 2105 1479 dentata

284 1509 320 1539 et
363 1505 506 1539 macula
550 1505 687 1551 postica
732 1504 849 1550 nigra,
894 1516 977 1538 cuin
1022 1503 1207 1549 nigredine
1252 1503 1423 1549 marginis
1463 1502 1653 1537 exterioris
1695 1502 1914 1544 cohaerente3
1958 1502 2104 1548 posticis

284 1561 394 1597 fascia
426 1562 499 1597 lata
526 1563 628 1609 nigra
655 1561 699 1597 ad
729 1561 926 1607 marginem
955 1561 1189 1603 exteriorem3
1230 1561 1398 1595 omnibus
1426 1559 1518 1594 infra
1545 1566 1681 1606 puncto
1711 1560 1860 1595 centrali
1888 1560 2103 1606 punctisque
2120 1590 2129 1599 ,

281 1617 639 1667 intramarginalibus
666 1619 787 1666 nigris.
815 1624 856 1655 0⁷¹.
886 1618 996 1664 Long.
1025 1618 1068 1652 al.
1096 1631 1175 1665 exp.
1205 1619 1249 1652 35
1279 1618 1417 1652 millim.

379 1694 558 1721 Antlzockaris
575 1694 745 1730 pldeyetonia
768 1693 872 1720 ROGER
895 1691 969 1728 apud
993 1691 1093 1718 BOISD.
1117 1690 1147 1717 in
1170 1691 1214 1727 Sp.
1239 1691 1307 1718 Gen.
1332 1691 1352 1717 Ι.
1377 1691 1444 1718 576.
1471 1691 1516 1718 25.

314 1759 405 1794 Hab.
433 1760 469 1794 in
497 1758 680 1794 Caffraria.
737 1758 779 1793 W
782 1769 962 1793 AHLBERG.

377 1849 443 1877 Obs.
487 1850 644 1887 Descriptio
677 1851 841 1877 Baz'sdavali
868 1849 895 1876 in
924 1848 1063 1886 specimen
1091 1851 1217 1875 nostrum
1240 1857 1294 1875 non
1318 1848 1431 1875 0111111110
1454 1848 1578 1884 quadrat.
1624 1848 1734 1876 Macula
1758 1848 1837 1884 nigra
1860 1848 1888 1875 in
1911 1852 1987 1884 parte
2011 1851 2102 1884 poste-

491 1892 561 1918 riore
596 1891 710 1918 macuhe
744 1891 857 1927 apicalis
888 1890 971 1917 fulvae
994 1890 1023 1916 in
1047 1889 1137 1916 medio
1160 1889 1233 1916 inter
1255 1893 1345 1916 costas
1369 1890 1450 1916 4μ5
1473 1889 1588 1922 desinit;
1622 1890 1716 1926 strigae
1739 1889 1956 1926 longitudinales
1980 1889 2050 1916 albae
2074 1889 2101 1916 in

490 1933 574 1960 fascia
606 1933 712 1969 postica
746 1933 852 1959 alarum
880 1932 1048 1969 posticarum
1076 1931 1157 1967 plane
1185 1930 1389 1963 desiderantum
1424 1930 1497 1957 basis
1531 1931 1582 1958 alae
1616 1931 1723 1963 auticae,
1759 1934 1789 1958 nt
1823 1930 1925 1957 fundus
1959 1931 2026 1967 ipse,
2059 1934 2100 1957 est

491 1974 561 2001 infra
594 1974 657 2001 alba
690 1978 717 2001 et
746 1974 829 2001 fascia
852 1973 984 2009 marginis
1008 1972 1146 1999 interioris
1170 1972 1197 1998 in
1221 1972 1321 2008 pagina
1345 1972 1484 2008 superiore
1508 1972 1631 2008 ejusdem
1655 1973 1706 1999 alae
1729 1973 1813 1999 etiam
1837 1972 1907 1999 infra
1930 1972 2099 2003 observatur.

489 2015 542 2042 etsi
564 2015 689 2042 obsoleta
711 2018 738 2042 et
761 2015 959 2051 griseo-tincta.
1005 2013 1149 2050 Specimen
1173 2017 1298 2040 nostrum
1322 2013 1471 2050 specimine
1494 2015 1658 2040 Boisdnrali
1680 2014 1764 2041 etiam
1788 2013 1886 2040 minus.

180 2108 210 2139 b'.
250 2105 297 2141 A.
321 2107 446 2153 qao-isa
485 2119 517 2141 n.
551 2119 601 2154 sp.
642 2107 707 2142 alis
747 2106 874 2141 anticis
914 2104 1213 2145 subaeuminatis;
1255 2105 1423 2139 omnibus
1451 2117 1560 2151 supra
1588 2104 1678 2139 albis
1706 2103 1816 2139 fascia
1843 2103 2098 2150 longitudinali

215 2154 220 2159 Ι
275 2164 387 2211 nigra,
415 2164 614 2212 marginem
642 2165 824 2199 internum
850 2163 990 2197 alarum
1010 2163 1209 2197 anticarum
1230 2162 1502 2208 marginemque
1521 2162 1681 2196 anticum
1702 2162 1922 2208 posticarum
1944 2166 2099 2207 tegente,

275 2222 442 2256 cellulam
462 2222 601 2257 alarum
622 2223 823 2256 anticarum
842 2220 1035 2255 latitudine
1054 2232 1120 2254 sua
1139 2232 1210 2254 non
1230 2220 1447 2266 attingente3
1472 2219 1599 2254 anticis
1619 2226 1756 2266 puncto
1777 2218 1963 2254 (liseoidali
1985 2219 2098 2265 nigro,

276 2280 438 2326 margine
478 2280 597 2314 antico
637 2286 746 2325 atque
786 2279 966 2314 exteriore
1004 2277 1078 2312 fere
1112 2278 1301 2323 {equaliter
1329 2278 1439 2323 nigris
1467 2277 1683 2323 maculaque
1710 2277 1870 2311 maxima
1897 2276 2099 2311 rufo-fulva

278 2337 314 2371 in
354 2337 468 2384 apice,
508 2338 706 2372 introrsum
746 2337 859 2383 striga
900 2336 1019 2382 nigra,
1061 2335 1207 2381 obliqua
1248 2335 1457 2378 terminata3
1499 2335 1645 2381 posticis
1687 2334 1731 2369 ad
1775 2335 1915 2369 exitum
1953 2335 2098 2381 nigrum

275 2401 459 2430 costarum
487 2395 637 2430 maculis
664 2394 815 2441 trigonis
842 2394 970 2441 nigris;
1008 2393 1176 2428 omnibus
1203 2392 1295 2428 infra
1322 2393 1412 2428 albis
1440 2399 1573 2439 puncto
1602 2393 1752 2428 eentrali
1781 2392 1955 2438 exituque
1983 2398 2098 2427 costa-

275 2465 356 2487 rum
384 2454 502 2500 nigris.
529 2458 572 2492 (J.
601 2452 711 2499 Long.
739 2453 782 2487 al.
811 2465 891 2499 exp.
921 2453 967 2486 53
997 2451 1132 2486 millim.

310 2526 400 2562 Hab.
429 2528 465 2562 in
492 2526 676 2562 Caffraria.
732 2526 775 2560 W
779 2536 958 2560 AHLBERG.

308 2616 406 2644 Descr.
450 2617 618 2653 Magnitudo
651 2619 679 2644 et
712 2617 800 2644 forma
830 2616 936 2643 alarum
964 2615 1019 2643 fere
1046 2616 1093 2642 le.
1117 2625 1201 2642 allml’.
1246 2614 1307 2642 Alae
1330 2624 1411 2652 supra
1435 2614 1517 2647 alb2e3
1552 2615 1652 2643 anticae
1674 2615 1788 2643 fasciam
1812 2614 2056 2651 longitudinalem,
2080 2624 2094 2641 a

175 2657 234 2685 basi
257 2660 412 2690 exeuntem,
438 2658 472 2685 ad
495 2659 648 2694 marginem
672 2658 812 2685 internum
835 2660 862 2684 et
885 2657 998 2694 posticae
1022 2657 1056 2684 ad
1079 2657 1232 2692 marginem
1256 2656 1388 2689 anticum,
1412 2659 1442 2683 ut
1465 2657 1493 2683 111
1517 2657 1716 2693 congeneribus
1735 2657 1793 2694 jam
1817 2656 1962 2693 descriptis
1986 2660 2094 2691 gerunt.

175 2700 222 2727 sed
255 2699 315 2726 haec
346 2699 437 2731 fascia,
471 2702 501 2726 ut
524 2700 552 2726 in
574 2701 608 2727 A.
627 2709 739 2736 procae,
769 2702 811 2726 sat
833 2699 943 2735 gracilis
967 2701 1016 2729 est,
1040 2702 1069 2725 ut
1093 2701 1202 2725 tantum
1226 2698 1305 2725 basin
1328 2698 1434 2725 alarum
1457 2698 1611 2725 anticarum
1634 2702 1711 2734 tegat
1734 2702 1761 2725 et
1784 2698 1883 2724 deinde
1907 2697 2028 2734 spatium
2052 2700 2092 2723 sat

174 2741 298 2778 amplum
332 2740 404 2767 inter
432 2749 460 2767 se
487 2744 514 2768 et
542 2741 669 2768 cellulam
692 2741 786 2768 album
810 2741 956 2776 relinquat,
990 2743 1072 2775 atque
1096 2749 1189 2766 versus
1212 2740 1294 2766 finem
1317 2749 1332 2766 a
1355 2739 1479 2775 margine
1503 2739 1562 2775 ipso
1586 2739 1694 2767 interno
1717 2749 1745 2766 se
1769 2739 1898 2766 retrahat.
1944 2738 1987 2765 Ad
2012 2739 2091 2764 finem

174 2782 282 2810 cellulae
305 2782 410 2809 alarum
434 2782 586 2809 anticarum
610 2782 687 2809 adest
710 2785 845 2819 punctum
868 2782 986 2818 nigrum.
1022 2781 1120 2817 Margo
1137 2780 1245 2808 anticus
1258 2784 1284 2807 et
1298 2790 1393 2816 margo
1406 2784 1481 2807 totus
1494 2781 1613 2808 exterior
1625 2781 1722 2808 harum
1736 2781 1842 2807 alarum
1855 2780 1938 2807 etiam
1953 2782 1993 2806 est
2006 2779 2092 2813 niger,

173 2824 218 2851 hic
241 2828 335 2851 tamen
358 2823 406 2850 illo
430 2823 475 2850 vix
497 2823 586 2850 latior.
630 2824 664 2851 In
686 2824 762 2860 apice
786 2823 864 2850 adest
887 2823 995 2850 macula
1013 2832 1113 2859 magna
1126 2822 1282 2854 rufo-fulva,
1296 2831 1310 2849 e
1323 2822 1438 2849 maculis
1453 2822 1469 2848 6
1483 2822 1562 2849 valde
1574 2822 1719 2858 elongatis,
1733 2821 1924 2857 inaequalibus⁵
1944 2821 2092 2847 3111110110-

174 2865 249 2892 ribus
272 2869 426 2892 extrorsum
449 2864 621 2897 acuminatis,
645 2865 662 2892 3
675 2865 873 2902 posterioribus
885 2864 924 2892 ibi
936 2864 1154 2893 subrotundatis.
1170 2863 1323 2900 composita
1336 2867 1363 2890 et
1375 2873 1390 2890 a
1403 2863 1492 2890 colore
1506 2863 1707 2891 fundamentali
1719 2863 1804 2899 striga
1818 2863 1938 2898 obliqua,
1951 2862 2091 2894 continua,
